<record><header><identifier>oai:digitallibrary.un.org:1697</identifier><datestamp>2025-10-06T12:59:46Z</datestamp><setSpec>sanctions</setSpec></header><metadata><marc:record xmlns:marc="http://www.loc.gov/MARC21/slim" xmlns:xsi="http://www.w3.org/2001/XMLSchema-instance" xsi:schemaLocation="http://www.loc.gov/MARC21/slim http://www.loc.gov/standards/marcxml/schema/MARC21slim.xsd" type="Bibliographic">
     <marc:leader>02183cam a2200493#  4500</marc:leader>
  
  <marc:controlfield tag="001">1697</marc:controlfield>
  <marc:controlfield tag="005">20251006085946.0</marc:controlfield>
  <marc:controlfield tag="008">790612s1979    usa     r           eng u</marc:controlfield>
  <marc:datafield tag="029" ind1=" " ind2=" ">
    <marc:subfield code="a">JN</marc:subfield>
    <marc:subfield code="b">NR037061 E</marc:subfield>
  </marc:datafield>
  <marc:datafield tag="035" ind1=" " ind2=" ">
    <marc:subfield code="a">D58730X</marc:subfield>
    <marc:subfield code="z">D0000539</marc:subfield>
  </marc:datafield>
  <marc:datafield tag="035" ind1=" " ind2=" ">
    <marc:subfield code="a">(DHL)58730</marc:subfield>
  </marc:datafield>
  <marc:datafield tag="039" ind1=" " ind2=" ">
    <marc:subfield code="a">DHU</marc:subfield>
  </marc:datafield>
  <marc:datafield tag="040" ind1=" " ind2=" ">
    <marc:subfield code="a">NNUN</marc:subfield>
    <marc:subfield code="b">eng</marc:subfield>
  </marc:datafield>
  <marc:datafield tag="041" ind1=" " ind2=" ">
    <marc:subfield code="a">chiengfregerrusspa</marc:subfield>
  </marc:datafield>
  <marc:datafield tag="049" ind1=" " ind2=" ">
    <marc:subfield code="a">usa</marc:subfield>
  </marc:datafield>
  <marc:datafield tag="089" ind1=" " ind2=" ">
    <marc:subfield code="a">Resolutions and decisions (UN)</marc:subfield>
    <marc:subfield code="b">B01</marc:subfield>
  </marc:datafield>
  <marc:datafield tag="091" ind1=" " ind2=" ">
    <marc:subfield code="a">GEN</marc:subfield>
  </marc:datafield>
  <marc:datafield tag="099" ind1=" " ind2=" ">
    <marc:subfield code="a">UNH</marc:subfield>
    <marc:subfield code="b">DHU</marc:subfield>
    <marc:subfield code="c">UNS(01)/R3</marc:subfield>
    <marc:subfield code="q">UNS01R3</marc:subfield>
  </marc:datafield>
  <marc:datafield tag="191" ind1=" " ind2=" ">
    <marc:subfield code="a">S/RES/447(1979)</marc:subfield>
    <marc:subfield code="b">S/</marc:subfield>
    <marc:subfield code="c">34</marc:subfield>
    <marc:subfield code="d">S/</marc:subfield>
    <marc:subfield code="e">RES/447(1979)</marc:subfield>
    <marc:subfield code="f">000447</marc:subfield>
    <marc:subfield code="q">SRES4471979</marc:subfield>
    <marc:subfield code="q">SRES447</marc:subfield>
    <marc:subfield code="r">S34</marc:subfield>
    <marc:subfield code="0">(DHLAUTH)326240</marc:subfield>
  </marc:datafield>
  <marc:datafield tag="239" ind1="1" ind2="0">
    <marc:subfield code="a">Security Council resolution 447 (1979) [on South Africa's policies towards Angola and other front-line States]</marc:subfield>
  </marc:datafield>
  <marc:datafield tag="245" ind1="0" ind2="0">
    <marc:subfield code="a">Resolution 447 (1979) /</marc:subfield>
    <marc:subfield code="c">adopted by the Security Council at its 2139th meeting, on 28 March 1979.</marc:subfield>
  </marc:datafield>
  <marc:datafield tag="260" ind1=" " ind2=" ">
    <marc:subfield code="a">New York :</marc:subfield>
    <marc:subfield code="b">UN,</marc:subfield>
    <marc:subfield code="c">28 Mar. 1979.</marc:subfield>
  </marc:datafield>
  <marc:datafield tag="269" ind1=" " ind2=" ">
    <marc:subfield code="a">1979-03-28</marc:subfield>
  </marc:datafield>
  <marc:datafield tag="300" ind1=" " ind2=" ">
    <marc:subfield code="a">2 p.</marc:subfield>
  </marc:datafield>
  <marc:datafield tag="500" ind1=" " ind2=" ">
    <marc:subfield code="a">Condemns South Africa's armed invasions of Angola.</marc:subfield>
  </marc:datafield>
  <marc:datafield tag="580" ind1=" " ind2=" ">
    <marc:subfield code="a">In: Resolutions and decisions of the Security Council, 1979. - S/INF/35. - 1980. - p. 17-18. - (SCOR, 34th year).</marc:subfield>
  </marc:datafield>
  <marc:datafield tag="630" ind1="0" ind2="7">
    <marc:subfield code="a">Charter of the United Nations (1945). Chapter VII</marc:subfield>
    <marc:subfield code="2">unbisn</marc:subfield>
    <marc:subfield code="0">(DHLAUTH)857514</marc:subfield>
  </marc:datafield>
  <marc:datafield tag="650" ind1="0" ind2="7">
    <marc:subfield code="a">ARMED INCIDENTS</marc:subfield>
    <marc:subfield code="0">(DHLAUTH)268830</marc:subfield>
  </marc:datafield>
  <marc:datafield tag="650" ind1="0" ind2="7">
    <marc:subfield code="a">TROOP WITHDRAWAL</marc:subfield>
    <marc:subfield code="0">(DHLAUTH)268688</marc:subfield>
  </marc:datafield>
  <marc:datafield tag="650" ind1="0" ind2="7">
    <marc:subfield code="a">ANGOLA</marc:subfield>
    <marc:subfield code="0">(DHLAUTH)269038</marc:subfield>
  </marc:datafield>
  <marc:datafield tag="650" ind1="0" ind2="7">
    <marc:subfield code="a">SOUTH AFRICA</marc:subfield>
    <marc:subfield code="0">(DHLAUTH)9686</marc:subfield>
  </marc:datafield>
  <marc:datafield tag="650" ind1="0" ind2="7">
    <marc:subfield code="a">SANCTIONS</marc:subfield>
    <marc:subfield code="0">(DHLAUTH)9840</marc:subfield>
  </marc:datafield>
  <marc:datafield tag="650" ind1="0" ind2="7">
    <marc:subfield code="a">SOUTH AFRICA</marc:subfield>
    <marc:subfield code="0">(DHLAUTH)9686</marc:subfield>
  </marc:datafield>
  <marc:datafield tag="650" ind1="0" ind2="7">
    <marc:subfield code="a">AID PROGRAMMES</marc:subfield>
    <marc:subfield code="0">(DHLAUTH)268916</marc:subfield>
  </marc:datafield>
  <marc:datafield tag="650" ind1="0" ind2="7">
    <marc:subfield code="a">ANGOLA SITUATION</marc:subfield>
    <marc:subfield code="0">(DHLAUTH)269036</marc:subfield>
  </marc:datafield>
  <marc:datafield tag="650" ind1="0" ind2="7">
    <marc:subfield code="a">NAMIBIA QUESTION</marc:subfield>
    <marc:subfield code="0">(DHLAUTH)269014</marc:subfield>
  </marc:datafield>
  <marc:datafield tag="650" ind1="0" ind2="7">
    <marc:subfield code="a">FRONT-LINE STATES</marc:subfield>
    <marc:subfield code="0">(DHLAUTH)268757</marc:subfield>
  </marc:datafield>
  <marc:datafield tag="710" ind1="2" ind2="0">
    <marc:subfield code="a">UN. Security Council (34th year : 1979)</marc:subfield>
    <marc:subfield code="0">(DHLAUTH)40521</marc:subfield>
  </marc:datafield>
  <marc:datafield tag="856" ind1="4" ind2=" ">
    <marc:subfield code="y">English</marc:subfield>
    <marc:subfield code="9">c37e20f7-c5f5-4503-8bbc-8fcd2be87fea</marc:subfield>
    <marc:subfield code="s">162577</marc:subfield>
    <marc:subfield code="u">https://digitallibrary.un.org/record/1697/files/S_RES_447%281979%29-EN.pdf</marc:subfield>
  </marc:datafield>
  <marc:datafield tag="856" ind1="4" ind2=" ">
    <marc:subfield code="y">Español</marc:subfield>
    <marc:subfield code="9">f363c463-cd80-46a3-85e8-badbb84aa35d</marc:subfield>
    <marc:subfield code="s">181101</marc:subfield>
    <marc:subfield code="u">https://digitallibrary.un.org/record/1697/files/S_RES_447%281979%29-ES.pdf</marc:subfield>
  </marc:datafield>
  <marc:datafield tag="856" ind1="4" ind2=" ">
    <marc:subfield code="y">Français</marc:subfield>
    <marc:subfield code="9">ce3fd7d7-3016-4eb3-9c75-96dddb3c08d0</marc:subfield>
    <marc:subfield code="s">169904</marc:subfield>
    <marc:subfield code="u">https://digitallibrary.un.org/record/1697/files/S_RES_447%281979%29-FR.pdf</marc:subfield>
  </marc:datafield>
  <marc:datafield tag="856" ind1="4" ind2=" ">
    <marc:subfield code="y">Русский</marc:subfield>
    <marc:subfield code="9">18f4e6b8-bca9-4eac-a4fb-f278b8559612</marc:subfield>
    <marc:subfield code="s">177095</marc:subfield>
    <marc:subfield code="u">https://digitallibrary.un.org/record/1697/files/S_RES_447%281979%29-RU.pdf</marc:subfield>
  </marc:datafield>
  <marc:datafield tag="856" ind1="4" ind2=" ">
    <marc:subfield code="y">中文</marc:subfield>
    <marc:subfield code="9">7b9b9c0a-ad66-4355-b7d6-a7aef5452c84</marc:subfield>
    <marc:subfield code="s">146887</marc:subfield>
    <marc:subfield code="u">https://digitallibrary.un.org/record/1697/files/S_RES_447%281979%29-ZH.pdf</marc:subfield>
  </marc:datafield>
  <marc:datafield tag="909" ind1="C" ind2="O">
    <marc:subfield code="o">oai:digitallibrary.un.org:1697</marc:subfield>
    <marc:subfield code="p">sanctions</marc:subfield>
  </marc:datafield>
  <marc:datafield tag="930" ind1=" " ind2=" ">
    <marc:subfield code="a">UNDMAY79</marc:subfield>
  </marc:datafield>
  <marc:datafield tag="930" ind1=" " ind2=" ">
    <marc:subfield code="a">SCR</marc:subfield>
    <marc:subfield code="b">000447</marc:subfield>
  </marc:datafield>
  <marc:datafield tag="955" ind1=" " ind2=" ">
    <marc:subfield code="a">18615500</marc:subfield>
  </marc:datafield>
  <marc:datafield tag="980" ind1=" " ind2=" ">
    <marc:subfield code="a">BIB</marc:subfield>
  </marc:datafield>
  <marc:datafield tag="981" ind1=" " ind2=" ">
    <marc:subfield code="a">Security Council</marc:subfield>
  </marc:datafield>
  <marc:datafield tag="989" ind1=" " ind2=" ">
    <marc:subfield code="a">Documents and Publications</marc:subfield>
    <marc:subfield code="b">Resolutions and Decisions</marc:subfield>
    <marc:subfield code="c">Resolutions</marc:subfield>
  </marc:datafield>
  <marc:datafield tag="992" ind1=" " ind2=" ">
    <marc:subfield code="a">1979-03-28</marc:subfield>
  </marc:datafield>
  <marc:datafield tag="993" ind1="2" ind2=" ">
    <marc:subfield code="a">S/13197</marc:subfield>
  </marc:datafield>
  <marc:datafield tag="993" ind1="4" ind2=" ">
    <marc:subfield code="a">S/PV.2139</marc:subfield>
  </marc:datafield>
  <marc:datafield tag="996" ind1=" " ind2=" ">
    <marc:subfield code="a">Adopted 12-0-3, 2139th meeting</marc:subfield>
  </marc:datafield>
  <marc:datafield tag="998" ind1=" " ind2=" ">
    <marc:subfield code="a">19961220000000</marc:subfield>
    <marc:subfield code="c">20170321144100</marc:subfield>
    <marc:subfield code="d">vvcat</marc:subfield>
    <marc:subfield code="x">0x00010000b67f1c28</marc:subfield>
    <marc:subfield code="z">20200214213955</marc:subfield>
  </marc:datafield>
  <marc:datafield tag="999" ind1=" " ind2=" ">
    <marc:subfield code="a">egu20070625</marc:subfield>
    <marc:subfield code="b">20070625</marc:subfield>
    <marc:subfield code="c">u</marc:subfield>
  </marc:datafield>
  <marc:datafield tag="999" ind1=" " ind2=" ">
    <marc:subfield code="a">chu20060622</marc:subfield>
    <marc:subfield code="b">20060622</marc:subfield>
    <marc:subfield code="c">u</marc:subfield>
  </marc:datafield>
</marc:record>
</metadata></record>