<record><header><identifier>oai:digitallibrary.un.org:2379</identifier><datestamp>2025-10-06T12:59:46Z</datestamp><setSpec>sanctions</setSpec></header><metadata><marc:record xmlns:marc="http://www.loc.gov/MARC21/slim" xmlns:xsi="http://www.w3.org/2001/XMLSchema-instance" xsi:schemaLocation="http://www.loc.gov/MARC21/slim http://www.loc.gov/standards/marcxml/schema/MARC21slim.xsd" type="Bibliographic">
     <marc:leader>01263naa a2200457#a 4500</marc:leader>
  
  <marc:controlfield tag="001">2379</marc:controlfield>
  <marc:controlfield tag="005">20251006085946.0</marc:controlfield>
  <marc:controlfield tag="008">790926s1981    usa    #r     ||| | eng u</marc:controlfield>
  <marc:datafield tag="029" ind1=" " ind2=" ">
    <marc:subfield code="a">JN</marc:subfield>
    <marc:subfield code="b">NL800483 E</marc:subfield>
  </marc:datafield>
  <marc:datafield tag="035" ind1=" " ind2=" ">
    <marc:subfield code="a">(DHL)59905</marc:subfield>
  </marc:datafield>
  <marc:datafield tag="039" ind1=" " ind2=" ">
    <marc:subfield code="a">DHU</marc:subfield>
  </marc:datafield>
  <marc:datafield tag="040" ind1=" " ind2=" ">
    <marc:subfield code="a">NNUN</marc:subfield>
    <marc:subfield code="b">eng</marc:subfield>
  </marc:datafield>
  <marc:datafield tag="041" ind1=" " ind2=" ">
    <marc:subfield code="a">arachiengfrerusspa</marc:subfield>
  </marc:datafield>
  <marc:datafield tag="049" ind1=" " ind2=" ">
    <marc:subfield code="a">usa</marc:subfield>
  </marc:datafield>
  <marc:datafield tag="089" ind1=" " ind2=" ">
    <marc:subfield code="a">Meeting records (UN)</marc:subfield>
    <marc:subfield code="b">B03</marc:subfield>
  </marc:datafield>
  <marc:datafield tag="091" ind1=" " ind2=" ">
    <marc:subfield code="a">PRO</marc:subfield>
  </marc:datafield>
  <marc:datafield tag="099" ind1=" " ind2=" ">
    <marc:subfield code="a">UNH</marc:subfield>
    <marc:subfield code="b">DHU</marc:subfield>
  </marc:datafield>
  <marc:datafield tag="191" ind1=" " ind2=" ">
    <marc:subfield code="a">A/33/PV.94</marc:subfield>
    <marc:subfield code="b">A/</marc:subfield>
    <marc:subfield code="c">33</marc:subfield>
    <marc:subfield code="d">A/</marc:subfield>
    <marc:subfield code="e">33/PV.94</marc:subfield>
    <marc:subfield code="q">A33PV94</marc:subfield>
    <marc:subfield code="r">A33</marc:subfield>
    <marc:subfield code="0">(DHLAUTH)325907</marc:subfield>
  </marc:datafield>
  <marc:datafield tag="245" ind1="1" ind2="0">
    <marc:subfield code="a">General Assembly official records, 33rd session :</marc:subfield>
    <marc:subfield code="b">94th plenary meeting, Monday, 24 January 1979, New York</marc:subfield>
  </marc:datafield>
  <marc:datafield tag="269" ind1=" " ind2=" ">
    <marc:subfield code="a">1981</marc:subfield>
  </marc:datafield>
  <marc:datafield tag="300" ind1=" " ind2=" ">
    <marc:subfield code="a">[9] p.</marc:subfield>
  </marc:datafield>
  <marc:datafield tag="495" ind1=" " ind2=" ">
    <marc:subfield code="a">GAOR, 33rd sess., Plenary meetings</marc:subfield>
  </marc:datafield>
  <marc:datafield tag="580" ind1=" " ind2=" ">
    <marc:subfield code="a">In: Official records of the General Assembly, 33rd session, plenary meetings, Vol. III (of 3 volumes) : verbatim records of the 77th to 108th meetings, 11-21 December 1978, 15-29 January 1979 and 23-31 May 1979 - UNA(01)/R3 - p. 1645-1653. </marc:subfield>
  </marc:datafield>
  <marc:datafield tag="596" ind1=" " ind2=" ">
    <marc:subfield code="a">Retrospective indexing.</marc:subfield>
  </marc:datafield>
  <marc:datafield tag="610" ind1="2" ind2="7">
    <marc:subfield code="a">UN TRUST FUND FOR SOUTH AFRICA</marc:subfield>
    <marc:subfield code="g">BUDGET CONTRIBUTIONS.</marc:subfield>
    <marc:subfield code="2">unbisn</marc:subfield>
    <marc:subfield code="0">(DHLAUTH)329186</marc:subfield>
  </marc:datafield>
  <marc:datafield tag="610" ind1="2" ind2="7">
    <marc:subfield code="a">UN. SPECIAL COMMITTEE AGAINST APARTHEID</marc:subfield>
    <marc:subfield code="g">WORK PROGRAMME.</marc:subfield>
    <marc:subfield code="2">unbisn</marc:subfield>
    <marc:subfield code="0">(DHLAUTH)325937</marc:subfield>
  </marc:datafield>
  <marc:datafield tag="610" ind1="2" ind2="7">
    <marc:subfield code="a">UN Trust Fund for South Africa</marc:subfield>
    <marc:subfield code="2">unbisn</marc:subfield>
    <marc:subfield code="0">(DHLAUTH)53083</marc:subfield>
  </marc:datafield>
  <marc:datafield tag="650" ind1="1" ind2="7">
    <marc:subfield code="a">AID PROGRAMMES</marc:subfield>
    <marc:subfield code="2">unbist</marc:subfield>
    <marc:subfield code="0">(DHLAUTH)268916</marc:subfield>
  </marc:datafield>
  <marc:datafield tag="650" ind1="1" ind2="7">
    <marc:subfield code="a">APARTHEID</marc:subfield>
    <marc:subfield code="2">unbist</marc:subfield>
    <marc:subfield code="0">(DHLAUTH)268992</marc:subfield>
  </marc:datafield>
  <marc:datafield tag="650" ind1="1" ind2="7">
    <marc:subfield code="a">ARMS EMBARGO</marc:subfield>
    <marc:subfield code="2">unbist</marc:subfield>
    <marc:subfield code="0">(DHLAUTH)268736</marc:subfield>
  </marc:datafield>
  <marc:datafield tag="650" ind1="1" ind2="7">
    <marc:subfield code="a">FOREIGN INVESTMENTS</marc:subfield>
    <marc:subfield code="2">unbist</marc:subfield>
    <marc:subfield code="0">(DHLAUTH)269953</marc:subfield>
  </marc:datafield>
  <marc:datafield tag="650" ind1="1" ind2="7">
    <marc:subfield code="a">INFORMATION DISSEMINATION</marc:subfield>
    <marc:subfield code="2">unbist</marc:subfield>
    <marc:subfield code="0">(DHLAUTH)275051</marc:subfield>
  </marc:datafield>
  <marc:datafield tag="650" ind1="2" ind2="7">
    <marc:subfield code="a">ISRAEL</marc:subfield>
    <marc:subfield code="2">unbist</marc:subfield>
    <marc:subfield code="0">(DHLAUTH)268556</marc:subfield>
  </marc:datafield>
  <marc:datafield tag="650" ind1="2" ind2="7">
    <marc:subfield code="a">NATIONAL LIBERATION MOVEMENTS</marc:subfield>
    <marc:subfield code="2">unbist</marc:subfield>
    <marc:subfield code="0">(DHLAUTH)268431</marc:subfield>
  </marc:datafield>
  <marc:datafield tag="650" ind1="2" ind2="7">
    <marc:subfield code="a">NUCLEAR WEAPONS</marc:subfield>
    <marc:subfield code="2">unbist</marc:subfield>
    <marc:subfield code="0">(DHLAUTH)268852</marc:subfield>
  </marc:datafield>
  <marc:datafield tag="650" ind1="2" ind2="7">
    <marc:subfield code="a">POLITICAL PRISONERS</marc:subfield>
    <marc:subfield code="2">unbist</marc:subfield>
    <marc:subfield code="0">(DHLAUTH)268473</marc:subfield>
  </marc:datafield>
  <marc:datafield tag="650" ind1="2" ind2="7">
    <marc:subfield code="a">PRISONER TREATMENT</marc:subfield>
    <marc:subfield code="2">unbist</marc:subfield>
    <marc:subfield code="0">(DHLAUTH)268492</marc:subfield>
  </marc:datafield>
  <marc:datafield tag="650" ind1="2" ind2="7">
    <marc:subfield code="a">SANCTIONS</marc:subfield>
    <marc:subfield code="2">unbist</marc:subfield>
    <marc:subfield code="0">(DHLAUTH)9840</marc:subfield>
  </marc:datafield>
  <marc:datafield tag="650" ind1="2" ind2="7">
    <marc:subfield code="a">SOUTH AFRICA</marc:subfield>
    <marc:subfield code="2">unbist</marc:subfield>
    <marc:subfield code="0">(DHLAUTH)9686</marc:subfield>
  </marc:datafield>
  <marc:datafield tag="650" ind1="2" ind2="7">
    <marc:subfield code="a">SPORTS</marc:subfield>
    <marc:subfield code="2">unbist</marc:subfield>
    <marc:subfield code="0">(DHLAUTH)273712</marc:subfield>
  </marc:datafield>
  <marc:datafield tag="650" ind1="2" ind2="7">
    <marc:subfield code="a">TREATIES</marc:subfield>
    <marc:subfield code="2">unbist</marc:subfield>
    <marc:subfield code="0">(DHLAUTH)9632</marc:subfield>
  </marc:datafield>
  <marc:datafield tag="650" ind1="2" ind2="7">
    <marc:subfield code="a">WORK PROGRAMME</marc:subfield>
    <marc:subfield code="2">unbist</marc:subfield>
    <marc:subfield code="0">(DHLAUTH)275800</marc:subfield>
  </marc:datafield>
  <marc:datafield tag="856" ind1="4" ind2=" ">
    <marc:subfield code="y">العربية</marc:subfield>
    <marc:subfield code="9">814be409-559f-49b9-9e3a-c92c299cee6f</marc:subfield>
    <marc:subfield code="s">1605782</marc:subfield>
    <marc:subfield code="u">https://digitallibrary.un.org/record/2379/files/A_33_PV.94-AR.pdf</marc:subfield>
  </marc:datafield>
  <marc:datafield tag="856" ind1="4" ind2=" ">
    <marc:subfield code="y">English</marc:subfield>
    <marc:subfield code="9">0c668ae9-ea1e-4452-89f8-66cb80d93e23</marc:subfield>
    <marc:subfield code="s">1475696</marc:subfield>
    <marc:subfield code="u">https://digitallibrary.un.org/record/2379/files/A_33_PV.94-EN.pdf</marc:subfield>
  </marc:datafield>
  <marc:datafield tag="856" ind1="4" ind2=" ">
    <marc:subfield code="y">Español</marc:subfield>
    <marc:subfield code="9">b5adaa3f-a8aa-4de8-82f3-99810b182e87</marc:subfield>
    <marc:subfield code="s">1779086</marc:subfield>
    <marc:subfield code="u">https://digitallibrary.un.org/record/2379/files/A_33_PV.94-ES.pdf</marc:subfield>
  </marc:datafield>
  <marc:datafield tag="856" ind1="4" ind2=" ">
    <marc:subfield code="y">Français</marc:subfield>
    <marc:subfield code="9">84b174d2-c521-49c2-8338-d11756c5fe92</marc:subfield>
    <marc:subfield code="s">1899096</marc:subfield>
    <marc:subfield code="u">https://digitallibrary.un.org/record/2379/files/A_33_PV.94-FR.pdf</marc:subfield>
  </marc:datafield>
  <marc:datafield tag="856" ind1="4" ind2=" ">
    <marc:subfield code="y">Русский</marc:subfield>
    <marc:subfield code="9">e24ba8e2-2271-4342-96fc-adf9a90ee0ea</marc:subfield>
    <marc:subfield code="s">824478</marc:subfield>
    <marc:subfield code="u">https://digitallibrary.un.org/record/2379/files/A_33_PV.94-RU.pdf</marc:subfield>
  </marc:datafield>
  <marc:datafield tag="856" ind1="4" ind2=" ">
    <marc:subfield code="y">中文</marc:subfield>
    <marc:subfield code="9">59631a0b-f2c4-4a25-9aa4-a9a031e95e17</marc:subfield>
    <marc:subfield code="s">971755</marc:subfield>
    <marc:subfield code="u">https://digitallibrary.un.org/record/2379/files/A_33_PV.94-ZH.pdf</marc:subfield>
  </marc:datafield>
  <marc:datafield tag="909" ind1="C" ind2="O">
    <marc:subfield code="o">oai:digitallibrary.un.org:2379</marc:subfield>
    <marc:subfield code="p">sanctions</marc:subfield>
  </marc:datafield>
  <marc:datafield tag="930" ind1=" " ind2=" ">
    <marc:subfield code="a">GAD</marc:subfield>
  </marc:datafield>
  <marc:datafield tag="930" ind1=" " ind2=" ">
    <marc:subfield code="a">UND</marc:subfield>
  </marc:datafield>
  <marc:datafield tag="930" ind1=" " ind2=" ">
    <marc:subfield code="a">DIG</marc:subfield>
  </marc:datafield>
  <marc:datafield tag="980" ind1=" " ind2=" ">
    <marc:subfield code="a">BIB</marc:subfield>
  </marc:datafield>
  <marc:datafield tag="981" ind1=" " ind2=" ">
    <marc:subfield code="a">General Assembly</marc:subfield>
    <marc:subfield code="b">General Assembly Plenary</marc:subfield>
  </marc:datafield>
  <marc:datafield tag="989" ind1=" " ind2=" ">
    <marc:subfield code="a">Documents and Publications</marc:subfield>
    <marc:subfield code="b">Meeting Records</marc:subfield>
    <marc:subfield code="c">Verbatim Records</marc:subfield>
  </marc:datafield>
  <marc:datafield tag="992" ind1=" " ind2=" ">
    <marc:subfield code="a">1979-01-24</marc:subfield>
  </marc:datafield>
  <marc:datafield tag="998" ind1=" " ind2=" ">
    <marc:subfield code="a">19961220000000</marc:subfield>
    <marc:subfield code="c">20201029085200</marc:subfield>
    <marc:subfield code="d">mocat</marc:subfield>
    <marc:subfield code="x">0x00010000c1b03d17</marc:subfield>
    <marc:subfield code="z">20201029125639</marc:subfield>
  </marc:datafield>
  <marc:datafield tag="999" ind1=" " ind2=" ">
    <marc:subfield code="a">pgr20090914</marc:subfield>
    <marc:subfield code="b">20090914</marc:subfield>
    <marc:subfield code="c">r</marc:subfield>
  </marc:datafield>
  <marc:datafield tag="999" ind1=" " ind2=" ">
    <marc:subfield code="a">pgu20090914</marc:subfield>
    <marc:subfield code="b">20090914</marc:subfield>
    <marc:subfield code="c">u</marc:subfield>
  </marc:datafield>
  <marc:datafield tag="999" ind1=" " ind2=" ">
    <marc:subfield code="a">mou20201029</marc:subfield>
    <marc:subfield code="b">20201029</marc:subfield>
    <marc:subfield code="c">u</marc:subfield>
  </marc:datafield>
</marc:record>
</metadata></record>