<record><header><identifier>oai:digitallibrary.un.org:2394</identifier><datestamp>2025-10-06T12:59:46Z</datestamp><setSpec>sanctions</setSpec></header><metadata><marc:record xmlns:marc="http://www.loc.gov/MARC21/slim" xmlns:xsi="http://www.w3.org/2001/XMLSchema-instance" xsi:schemaLocation="http://www.loc.gov/MARC21/slim http://www.loc.gov/standards/marcxml/schema/MARC21slim.xsd" type="Bibliographic">
     <marc:leader>00977caa a2200349#  4500961220970714</marc:leader>
  
  <marc:controlfield tag="001">2394</marc:controlfield>
  <marc:controlfield tag="005">20251006085946.0</marc:controlfield>
  <marc:controlfield tag="008">790926s1979    usa     r           eng u</marc:controlfield>
  <marc:datafield tag="029" ind1=" " ind2=" ">
    <marc:subfield code="a">JN</marc:subfield>
    <marc:subfield code="b">NR036224 E</marc:subfield>
  </marc:datafield>
  <marc:datafield tag="035" ind1=" " ind2=" ">
    <marc:subfield code="a">D59921X</marc:subfield>
    <marc:subfield code="z">D0001247</marc:subfield>
  </marc:datafield>
  <marc:datafield tag="035" ind1=" " ind2=" ">
    <marc:subfield code="a">(DHL)59921</marc:subfield>
  </marc:datafield>
  <marc:datafield tag="039" ind1=" " ind2=" ">
    <marc:subfield code="a">DHU</marc:subfield>
  </marc:datafield>
  <marc:datafield tag="040" ind1=" " ind2=" ">
    <marc:subfield code="a">NNUN</marc:subfield>
    <marc:subfield code="b">eng</marc:subfield>
  </marc:datafield>
  <marc:datafield tag="041" ind1=" " ind2=" ">
    <marc:subfield code="a">arachiengfrerusspa</marc:subfield>
  </marc:datafield>
  <marc:datafield tag="049" ind1=" " ind2=" ">
    <marc:subfield code="a">usa</marc:subfield>
  </marc:datafield>
  <marc:datafield tag="089" ind1=" " ind2=" ">
    <marc:subfield code="a">Resolutions and decisions (UN)</marc:subfield>
    <marc:subfield code="b">B01</marc:subfield>
  </marc:datafield>
  <marc:datafield tag="091" ind1=" " ind2=" ">
    <marc:subfield code="a">GEN</marc:subfield>
  </marc:datafield>
  <marc:datafield tag="099" ind1=" " ind2=" ">
    <marc:subfield code="a">UNH</marc:subfield>
    <marc:subfield code="b">DHU</marc:subfield>
  </marc:datafield>
  <marc:datafield tag="191" ind1=" " ind2=" ">
    <marc:subfield code="a">A/RES/33/206</marc:subfield>
    <marc:subfield code="b">A/</marc:subfield>
    <marc:subfield code="c">33</marc:subfield>
    <marc:subfield code="d">A/</marc:subfield>
    <marc:subfield code="e">RES/33/206</marc:subfield>
    <marc:subfield code="q">ARES33206</marc:subfield>
    <marc:subfield code="r">A33</marc:subfield>
    <marc:subfield code="0">(DHLAUTH)325907</marc:subfield>
  </marc:datafield>
  <marc:datafield tag="245" ind1="1" ind2="0">
    <marc:subfield code="a">Resolution adopted by the General Assembly. Question of Namibia.</marc:subfield>
  </marc:datafield>
  <marc:datafield tag="260" ind1=" " ind2=" ">
    <marc:subfield code="a">New York :</marc:subfield>
    <marc:subfield code="b">UN,</marc:subfield>
    <marc:subfield code="c">1 June 1979.</marc:subfield>
  </marc:datafield>
  <marc:datafield tag="269" ind1=" " ind2=" ">
    <marc:subfield code="a">1979-06-01</marc:subfield>
  </marc:datafield>
  <marc:datafield tag="300" ind1=" " ind2=" ">
    <marc:subfield code="a">3 p.</marc:subfield>
  </marc:datafield>
  <marc:datafield tag="500" ind1=" " ind2=" ">
    <marc:subfield code="a">Adopted at the 108th plenary meeting, 31 May 1979.</marc:subfield>
  </marc:datafield>
  <marc:datafield tag="610" ind1="2" ind2="7">
    <marc:subfield code="a">SWAPO</marc:subfield>
    <marc:subfield code="0">(DHLAUTH)16981</marc:subfield>
  </marc:datafield>
  <marc:datafield tag="650" ind1="0" ind2="7">
    <marc:subfield code="a">NAMIBIA QUESTION</marc:subfield>
    <marc:subfield code="0">(DHLAUTH)269014</marc:subfield>
  </marc:datafield>
  <marc:datafield tag="650" ind1="0" ind2="7">
    <marc:subfield code="a">SANCTIONS</marc:subfield>
    <marc:subfield code="0">(DHLAUTH)9840</marc:subfield>
  </marc:datafield>
  <marc:datafield tag="650" ind1="0" ind2="7">
    <marc:subfield code="a">SOUTH AFRICA</marc:subfield>
    <marc:subfield code="0">(DHLAUTH)9686</marc:subfield>
  </marc:datafield>
  <marc:datafield tag="650" ind1="0" ind2="7">
    <marc:subfield code="a">AID PROGRAMMES</marc:subfield>
    <marc:subfield code="0">(DHLAUTH)268916</marc:subfield>
  </marc:datafield>
  <marc:datafield tag="710" ind1="2" ind2="0">
    <marc:subfield code="a">UN. General Assembly (33rd sess., resumed : 1979)</marc:subfield>
    <marc:subfield code="0">(DHLAUTH)326285</marc:subfield>
  </marc:datafield>
  <marc:datafield tag="856" ind1="4" ind2=" ">
    <marc:subfield code="y">العربية</marc:subfield>
    <marc:subfield code="9">2a653a61-45bb-4dce-b310-48fac1b6e29b</marc:subfield>
    <marc:subfield code="s">95834</marc:subfield>
    <marc:subfield code="u">https://digitallibrary.un.org/record/2394/files/A_RES_33_206-AR.pdf</marc:subfield>
  </marc:datafield>
  <marc:datafield tag="856" ind1="4" ind2=" ">
    <marc:subfield code="y">中文</marc:subfield>
    <marc:subfield code="9">25b214f8-f0ad-46fa-bda3-9a6f2809f83a</marc:subfield>
    <marc:subfield code="s">117839</marc:subfield>
    <marc:subfield code="u">https://digitallibrary.un.org/record/2394/files/A_RES_33_206-ZH.pdf</marc:subfield>
  </marc:datafield>
  <marc:datafield tag="856" ind1="4" ind2=" ">
    <marc:subfield code="y">English</marc:subfield>
    <marc:subfield code="9">e2d51d82-bafc-48af-baac-8290816fb9e3</marc:subfield>
    <marc:subfield code="s">147364</marc:subfield>
    <marc:subfield code="u">https://digitallibrary.un.org/record/2394/files/A_RES_33_206-EN.pdf</marc:subfield>
  </marc:datafield>
  <marc:datafield tag="856" ind1="4" ind2=" ">
    <marc:subfield code="y">Français</marc:subfield>
    <marc:subfield code="9">8a0219a2-e3c6-4d3e-8fd4-6b27720530ab</marc:subfield>
    <marc:subfield code="s">147896</marc:subfield>
    <marc:subfield code="u">https://digitallibrary.un.org/record/2394/files/A_RES_33_206-FR.pdf</marc:subfield>
  </marc:datafield>
  <marc:datafield tag="856" ind1="4" ind2=" ">
    <marc:subfield code="y">Русский</marc:subfield>
    <marc:subfield code="9">f36df7d6-50c5-4e51-afdf-f972d1a6ba64</marc:subfield>
    <marc:subfield code="s">206841</marc:subfield>
    <marc:subfield code="u">https://digitallibrary.un.org/record/2394/files/A_RES_33_206-RU.pdf</marc:subfield>
  </marc:datafield>
  <marc:datafield tag="856" ind1="4" ind2=" ">
    <marc:subfield code="y">Español</marc:subfield>
    <marc:subfield code="9">588c5b9e-2320-4690-84d6-ed623b519181</marc:subfield>
    <marc:subfield code="s">274266</marc:subfield>
    <marc:subfield code="u">https://digitallibrary.un.org/record/2394/files/A_RES_33_206-ES.pdf</marc:subfield>
  </marc:datafield>
  <marc:datafield tag="909" ind1="C" ind2="O">
    <marc:subfield code="o">oai:digitallibrary.un.org:2394</marc:subfield>
    <marc:subfield code="p">sanctions</marc:subfield>
  </marc:datafield>
  <marc:datafield tag="930" ind1=" " ind2=" ">
    <marc:subfield code="a">UNDJUL79</marc:subfield>
  </marc:datafield>
  <marc:datafield tag="930" ind1=" " ind2=" ">
    <marc:subfield code="a">ODS</marc:subfield>
  </marc:datafield>
  <marc:datafield tag="955" ind1=" " ind2=" ">
    <marc:subfield code="a">06544800</marc:subfield>
  </marc:datafield>
  <marc:datafield tag="980" ind1=" " ind2=" ">
    <marc:subfield code="a">BIB</marc:subfield>
  </marc:datafield>
  <marc:datafield tag="981" ind1=" " ind2=" ">
    <marc:subfield code="a">General Assembly</marc:subfield>
    <marc:subfield code="b">General Assembly Plenary</marc:subfield>
  </marc:datafield>
  <marc:datafield tag="989" ind1=" " ind2=" ">
    <marc:subfield code="a">Documents and Publications</marc:subfield>
    <marc:subfield code="b">Resolutions and Decisions</marc:subfield>
    <marc:subfield code="c">Resolutions</marc:subfield>
  </marc:datafield>
  <marc:datafield tag="991" ind1="1" ind2=" ">
    <marc:subfield code="a">A/33/251/Rev.1</marc:subfield>
    <marc:subfield code="b">27</marc:subfield>
    <marc:subfield code="c">Question of Namibia.</marc:subfield>
    <marc:subfield code="0">(DHLAUTH)325931</marc:subfield>
  </marc:datafield>
  <marc:datafield tag="992" ind1=" " ind2=" ">
    <marc:subfield code="a">1979-05-31</marc:subfield>
  </marc:datafield>
  <marc:datafield tag="998" ind1=" " ind2=" ">
    <marc:subfield code="a">19961220000000</marc:subfield>
    <marc:subfield code="c">20141030151200</marc:subfield>
    <marc:subfield code="d">amcat</marc:subfield>
    <marc:subfield code="x">0x00010000ac634a6a</marc:subfield>
    <marc:subfield code="z">20200214213955</marc:subfield>
  </marc:datafield>
</marc:record>
</metadata></record>