<record><header><identifier>oai:digitallibrary.un.org:2891</identifier><datestamp>2025-10-06T12:59:46Z</datestamp><setSpec>sanctions</setSpec></header><metadata><marc:record xmlns:marc="http://www.loc.gov/MARC21/slim" xmlns:xsi="http://www.w3.org/2001/XMLSchema-instance" xsi:schemaLocation="http://www.loc.gov/MARC21/slim http://www.loc.gov/standards/marcxml/schema/MARC21slim.xsd" type="Bibliographic">
     <marc:leader>01299nam\\2200313#\\4500</marc:leader>
  
  <marc:controlfield tag="001">2891</marc:controlfield>
  <marc:controlfield tag="005">20251006085946.0</marc:controlfield>
  <marc:controlfield tag="008">790926s1979\\\\usa\\\\\r\\\\\\\\\\\eng\u</marc:controlfield>
  <marc:datafield tag="029" ind1=" " ind2=" ">
    <marc:subfield code="a">JN</marc:subfield>
    <marc:subfield code="b">N7912373 E</marc:subfield>
  </marc:datafield>
  <marc:datafield tag="035" ind1=" " ind2=" ">
    <marc:subfield code="a">D60712X</marc:subfield>
    <marc:subfield code="z">D0001740</marc:subfield>
  </marc:datafield>
  <marc:datafield tag="035" ind1=" " ind2=" ">
    <marc:subfield code="a">(DHL)60712</marc:subfield>
  </marc:datafield>
  <marc:datafield tag="039" ind1=" " ind2=" ">
    <marc:subfield code="a">DHU</marc:subfield>
  </marc:datafield>
  <marc:datafield tag="040" ind1=" " ind2=" ">
    <marc:subfield code="a">NNUN</marc:subfield>
    <marc:subfield code="b">eng</marc:subfield>
  </marc:datafield>
  <marc:datafield tag="041" ind1=" " ind2=" ">
    <marc:subfield code="a">engchifrerusspa</marc:subfield>
  </marc:datafield>
  <marc:datafield tag="049" ind1=" " ind2=" ">
    <marc:subfield code="a">usa</marc:subfield>
  </marc:datafield>
  <marc:datafield tag="089" ind1=" " ind2=" ">
    <marc:subfield code="a">Reports/studies</marc:subfield>
    <marc:subfield code="b">B16</marc:subfield>
  </marc:datafield>
  <marc:datafield tag="091" ind1=" " ind2=" ">
    <marc:subfield code="a">gen</marc:subfield>
  </marc:datafield>
  <marc:datafield tag="099" ind1=" " ind2=" ">
    <marc:subfield code="a">UNH</marc:subfield>
    <marc:subfield code="b">DHU</marc:subfield>
  </marc:datafield>
  <marc:datafield tag="191" ind1=" " ind2=" ">
    <marc:subfield code="a">S/13296</marc:subfield>
    <marc:subfield code="b">S/</marc:subfield>
    <marc:subfield code="c">34</marc:subfield>
    <marc:subfield code="d">S/</marc:subfield>
    <marc:subfield code="e">13296</marc:subfield>
    <marc:subfield code="q">S13296</marc:subfield>
    <marc:subfield code="r">S34</marc:subfield>
    <marc:subfield code="0">(DHLAUTH)326240</marc:subfield>
  </marc:datafield>
  <marc:datafield tag="239" ind1="1" ind2="0">
    <marc:subfield code="a">SC Committee Established in Pursuance of Res. 253 (1968) concerning the Question of Southern Rhodesia. Report</marc:subfield>
  </marc:datafield>
  <marc:datafield tag="245" ind1="1" ind2="0">
    <marc:subfield code="a">Report of the Security Council Committee Established in Pursuance of Resolution 253 (1968) concerning the Question of Southern Rhodesia in implementation of paragraphs 3, 12 and 8 of Security Council resolutions 409 (1977), 411 (1977) and 445 (1979), respectively.</marc:subfield>
  </marc:datafield>
  <marc:datafield tag="260" ind1=" " ind2=" ">
    <marc:subfield code="a">New York :</marc:subfield>
    <marc:subfield code="b">UN,</marc:subfield>
    <marc:subfield code="c">4 May 1979.</marc:subfield>
  </marc:datafield>
  <marc:datafield tag="269" ind1=" " ind2=" ">
    <marc:subfield code="a">1979-05-04</marc:subfield>
  </marc:datafield>
  <marc:datafield tag="300" ind1=" " ind2=" ">
    <marc:subfield code="a">[12] p., including annex.</marc:subfield>
  </marc:datafield>
  <marc:datafield tag="500" ind1=" " ind2=" ">
    <marc:subfield code="a">Contains Committee recommendations on sanctions against Southern Rhodesia.</marc:subfield>
  </marc:datafield>
  <marc:datafield tag="650" ind1="0" ind2="7">
    <marc:subfield code="a">SANCTIONS</marc:subfield>
    <marc:subfield code="0">(DHLAUTH)9840</marc:subfield>
  </marc:datafield>
  <marc:datafield tag="650" ind1="0" ind2="7">
    <marc:subfield code="a">SOUTHERN RHODESIA</marc:subfield>
    <marc:subfield code="0">(DHLAUTH)269087</marc:subfield>
  </marc:datafield>
  <marc:datafield tag="650" ind1="0" ind2="7">
    <marc:subfield code="a">SOUTHERN RHODESIA QUESTION</marc:subfield>
    <marc:subfield code="0">(DHLAUTH)269020</marc:subfield>
  </marc:datafield>
  <marc:datafield tag="710" ind1="2" ind2="0">
    <marc:subfield code="a">UN. Security Council Committee Established in pursuance of Resolution 253 (1968) concerning the Question of Southern Rhodesia</marc:subfield>
    <marc:subfield code="0">(DHLAUTH)50567</marc:subfield>
  </marc:datafield>
  <marc:datafield tag="856" ind1="4" ind2=" ">
    <marc:subfield code="y">English</marc:subfield>
    <marc:subfield code="9">cec2b236-ac25-49ee-b0b2-d221fdd9d0e8</marc:subfield>
    <marc:subfield code="s">671766</marc:subfield>
    <marc:subfield code="u">https://digitallibrary.un.org/record/2891/files/S_13296-EN.pdf</marc:subfield>
  </marc:datafield>
  <marc:datafield tag="856" ind1="4" ind2=" ">
    <marc:subfield code="y">Español</marc:subfield>
    <marc:subfield code="9">2d2e01e6-47c0-4a2d-8e0d-6252642ce936</marc:subfield>
    <marc:subfield code="s">1444797</marc:subfield>
    <marc:subfield code="u">https://digitallibrary.un.org/record/2891/files/S_13296-ES.pdf</marc:subfield>
  </marc:datafield>
  <marc:datafield tag="856" ind1="4" ind2=" ">
    <marc:subfield code="y">Français</marc:subfield>
    <marc:subfield code="9">23001e18-5e98-490b-9098-7e49de09fa26</marc:subfield>
    <marc:subfield code="s">916676</marc:subfield>
    <marc:subfield code="u">https://digitallibrary.un.org/record/2891/files/S_13296-FR.pdf</marc:subfield>
  </marc:datafield>
  <marc:datafield tag="856" ind1="4" ind2=" ">
    <marc:subfield code="y">Русский</marc:subfield>
    <marc:subfield code="9">c3d00586-f4ec-48f3-8357-a8725c411718</marc:subfield>
    <marc:subfield code="s">1085339</marc:subfield>
    <marc:subfield code="u">https://digitallibrary.un.org/record/2891/files/S_13296-RU.pdf</marc:subfield>
  </marc:datafield>
  <marc:datafield tag="856" ind1="4" ind2=" ">
    <marc:subfield code="y">中文</marc:subfield>
    <marc:subfield code="9">94b9c167-dd71-4322-8de1-798cc8ba65db</marc:subfield>
    <marc:subfield code="s">793465</marc:subfield>
    <marc:subfield code="u">https://digitallibrary.un.org/record/2891/files/S_13296-ZH.pdf</marc:subfield>
  </marc:datafield>
  <marc:datafield tag="909" ind1="C" ind2="O">
    <marc:subfield code="o">oai:digitallibrary.un.org:2891</marc:subfield>
    <marc:subfield code="p">sanctions</marc:subfield>
  </marc:datafield>
  <marc:datafield tag="930" ind1=" " ind2=" ">
    <marc:subfield code="a">DIG</marc:subfield>
  </marc:datafield>
  <marc:datafield tag="930" ind1=" " ind2=" ">
    <marc:subfield code="a">UNDJUL79</marc:subfield>
  </marc:datafield>
  <marc:datafield tag="955" ind1=" " ind2=" ">
    <marc:subfield code="a">15817300</marc:subfield>
  </marc:datafield>
  <marc:datafield tag="980" ind1=" " ind2=" ">
    <marc:subfield code="a">BIB</marc:subfield>
  </marc:datafield>
  <marc:datafield tag="981" ind1=" " ind2=" ">
    <marc:subfield code="a">Security Council</marc:subfield>
  </marc:datafield>
  <marc:datafield tag="989" ind1=" " ind2=" ">
    <marc:subfield code="a">Documents and Publications</marc:subfield>
  </marc:datafield>
  <marc:datafield tag="998" ind1=" " ind2=" ">
    <marc:subfield code="a">19961220000000</marc:subfield>
    <marc:subfield code="c">20070613101000</marc:subfield>
    <marc:subfield code="d">aacat</marc:subfield>
    <marc:subfield code="x">0x00010000a0694ef6</marc:subfield>
    <marc:subfield code="z">20200214213955</marc:subfield>
  </marc:datafield>
  <marc:datafield tag="999" ind1=" " ind2=" ">
    <marc:subfield code="a">yku20050615</marc:subfield>
    <marc:subfield code="b">20050615</marc:subfield>
    <marc:subfield code="c">u</marc:subfield>
  </marc:datafield>
</marc:record>
</metadata></record>