<record><header><identifier>oai:digitallibrary.un.org:4530</identifier><datestamp>2025-11-19T23:18:26Z</datestamp><setSpec>sanctions</setSpec></header><metadata><marc:record xmlns:marc="http://www.loc.gov/MARC21/slim" xmlns:xsi="http://www.w3.org/2001/XMLSchema-instance" xsi:schemaLocation="http://www.loc.gov/MARC21/slim http://www.loc.gov/standards/marcxml/schema/MARC21slim.xsd" type="Bibliographic">
     <marc:leader>01458nam a2200361#  4500</marc:leader>
  
  <marc:controlfield tag="001">4530</marc:controlfield>
  <marc:controlfield tag="005">20251119181826.0</marc:controlfield>
  <marc:controlfield tag="008">800108s1979    usa     r           eng u</marc:controlfield>
  <marc:datafield tag="019" ind1=" " ind2=" ">
    <marc:subfield code="a">A/AC.109/L.1284, A/AC.109/L.1284/Add.1</marc:subfield>
  </marc:datafield>
  <marc:datafield tag="029" ind1=" " ind2=" ">
    <marc:subfield code="a">JN</marc:subfield>
    <marc:subfield code="b">NL340532 E</marc:subfield>
  </marc:datafield>
  <marc:datafield tag="035" ind1=" " ind2=" ">
    <marc:subfield code="a">D63441X</marc:subfield>
    <marc:subfield code="z">D0003384</marc:subfield>
  </marc:datafield>
  <marc:datafield tag="035" ind1=" " ind2=" ">
    <marc:subfield code="a">(DHL)63441</marc:subfield>
  </marc:datafield>
  <marc:datafield tag="039" ind1=" " ind2=" ">
    <marc:subfield code="a">DHU</marc:subfield>
  </marc:datafield>
  <marc:datafield tag="040" ind1=" " ind2=" ">
    <marc:subfield code="a">NNUN</marc:subfield>
    <marc:subfield code="b">eng</marc:subfield>
  </marc:datafield>
  <marc:datafield tag="041" ind1=" " ind2=" ">
    <marc:subfield code="a">engarafrerusspa</marc:subfield>
  </marc:datafield>
  <marc:datafield tag="049" ind1=" " ind2=" ">
    <marc:subfield code="a">usa</marc:subfield>
  </marc:datafield>
  <marc:datafield tag="089" ind1=" " ind2=" ">
    <marc:subfield code="a">Annual/sessional reports (UN)</marc:subfield>
    <marc:subfield code="b">B04</marc:subfield>
  </marc:datafield>
  <marc:datafield tag="091" ind1=" " ind2=" ">
    <marc:subfield code="a">GEN</marc:subfield>
  </marc:datafield>
  <marc:datafield tag="099" ind1=" " ind2=" ">
    <marc:subfield code="a">UNH</marc:subfield>
    <marc:subfield code="b">DHU</marc:subfield>
  </marc:datafield>
  <marc:datafield tag="191" ind1=" " ind2=" ">
    <marc:subfield code="a">A/34/23/Add.1</marc:subfield>
    <marc:subfield code="b">A/</marc:subfield>
    <marc:subfield code="c">34</marc:subfield>
    <marc:subfield code="d">A/</marc:subfield>
    <marc:subfield code="e">34/23/Add.1</marc:subfield>
    <marc:subfield code="q">A3423ADD1</marc:subfield>
    <marc:subfield code="r">A34</marc:subfield>
    <marc:subfield code="0">(DHLAUTH)325989</marc:subfield>
  </marc:datafield>
  <marc:datafield tag="245" ind1="1" ind2="0">
    <marc:subfield code="a">Report of the Special Committee on the Situation with regard to the Implementation of the Declaration on the Granting of Independence to Colonial Countries and Peoples (covering its work during 1979) :</marc:subfield>
    <marc:subfield code="b">Chapter VIII. Southern Rhodesia.</marc:subfield>
  </marc:datafield>
  <marc:datafield tag="260" ind1=" " ind2=" ">
    <marc:subfield code="a">New York :</marc:subfield>
    <marc:subfield code="b">UN,</marc:subfield>
    <marc:subfield code="c">25 Sept. 1979.</marc:subfield>
  </marc:datafield>
  <marc:datafield tag="269" ind1=" " ind2=" ">
    <marc:subfield code="a">1979-09-25</marc:subfield>
  </marc:datafield>
  <marc:datafield tag="300" ind1=" " ind2=" ">
    <marc:subfield code="a">[50] p., including annex :</marc:subfield>
    <marc:subfield code="b">tables.</marc:subfield>
  </marc:datafield>
  <marc:datafield tag="500" ind1=" " ind2=" ">
    <marc:subfield code="a">Mimeographed version to be reissued in GAOR, 34th sess., Suppl. no. 23.</marc:subfield>
  </marc:datafield>
  <marc:datafield tag="610" ind1="2" ind2="7">
    <marc:subfield code="a">UN. Special Committee on the Situation with regard to the Implementation of the Declaration on the Granting of Independence to Colonial Countries and Peoples</marc:subfield>
    <marc:subfield code="0">(DHLAUTH)49575</marc:subfield>
  </marc:datafield>
  <marc:datafield tag="650" ind1="0" ind2="7">
    <marc:subfield code="a">SANCTIONS</marc:subfield>
    <marc:subfield code="0">(DHLAUTH)9840</marc:subfield>
  </marc:datafield>
  <marc:datafield tag="650" ind1="0" ind2="7">
    <marc:subfield code="a">SOUTHERN RHODESIA</marc:subfield>
    <marc:subfield code="0">(DHLAUTH)269087</marc:subfield>
  </marc:datafield>
  <marc:datafield tag="650" ind1="0" ind2="7">
    <marc:subfield code="a">DECOLONIZATION</marc:subfield>
    <marc:subfield code="0">(DHLAUTH)268444</marc:subfield>
  </marc:datafield>
  <marc:datafield tag="650" ind1="0" ind2="7">
    <marc:subfield code="a">SOUTHERN RHODESIA QUESTION</marc:subfield>
    <marc:subfield code="0">(DHLAUTH)269020</marc:subfield>
  </marc:datafield>
  <marc:datafield tag="710" ind1="2" ind2="0">
    <marc:subfield code="a">UN. Special Committee on the Situation with regard to the Implementation of the Declaration on the Granting of Independence to Colonial Countries and Peoples</marc:subfield>
    <marc:subfield code="0">(DHLAUTH)49575</marc:subfield>
  </marc:datafield>
  <marc:datafield tag="856" ind1="4" ind2=" ">
    <marc:subfield code="y">العربية</marc:subfield>
    <marc:subfield code="9">8ba76c96-845e-47ec-b27d-d25918f0798d</marc:subfield>
    <marc:subfield code="s">2612764</marc:subfield>
    <marc:subfield code="u">https://digitallibrary.un.org/record/4530/files/A_34_23_Add-1-AR.pdf</marc:subfield>
  </marc:datafield>
  <marc:datafield tag="909" ind1="C" ind2="O">
    <marc:subfield code="o">oai:digitallibrary.un.org:4530</marc:subfield>
    <marc:subfield code="p">sanctions</marc:subfield>
  </marc:datafield>
  <marc:datafield tag="930" ind1=" " ind2=" ">
    <marc:subfield code="a">DIG</marc:subfield>
  </marc:datafield>
  <marc:datafield tag="930" ind1=" " ind2=" ">
    <marc:subfield code="a">UNDNOV79</marc:subfield>
  </marc:datafield>
  <marc:datafield tag="949" ind1=" " ind2=" ">
    <marc:subfield code="9">A/34/23/Add.1</marc:subfield>
    <marc:subfield code="b">mq88056</marc:subfield>
    <marc:subfield code="i">88056</marc:subfield>
    <marc:subfield code="k">unes</marc:subfield>
    <marc:subfield code="l">DHL</marc:subfield>
    <marc:subfield code="z">i</marc:subfield>
    <marc:subfield code="m">vcirc</marc:subfield>
    <marc:subfield code="d">19961230000000</marc:subfield>
  </marc:datafield>
  <marc:datafield tag="955" ind1=" " ind2=" ">
    <marc:subfield code="a">00032500</marc:subfield>
  </marc:datafield>
  <marc:datafield tag="980" ind1=" " ind2=" ">
    <marc:subfield code="a">BIB</marc:subfield>
  </marc:datafield>
  <marc:datafield tag="981" ind1=" " ind2=" ">
    <marc:subfield code="a">General Assembly</marc:subfield>
    <marc:subfield code="b">General Assembly Plenary</marc:subfield>
  </marc:datafield>
  <marc:datafield tag="989" ind1=" " ind2=" ">
    <marc:subfield code="a">Documents and Publications</marc:subfield>
    <marc:subfield code="b">Reports</marc:subfield>
    <marc:subfield code="c">Annual and Sessional Reports</marc:subfield>
  </marc:datafield>
  <marc:datafield tag="991" ind1="1" ind2=" ">
    <marc:subfield code="a">A/34/251</marc:subfield>
    <marc:subfield code="b">90</marc:subfield>
    <marc:subfield code="c">Question of Southern Rhodesia.</marc:subfield>
    <marc:subfield code="0">(DHLAUTH)328496</marc:subfield>
  </marc:datafield>
  <marc:datafield tag="991" ind1="1" ind2=" ">
    <marc:subfield code="a">A/34/251</marc:subfield>
    <marc:subfield code="b">18</marc:subfield>
    <marc:subfield code="c">Implementation of the Declaration on the Granting of Independence to Colonial Countries and Peoples.</marc:subfield>
    <marc:subfield code="0">(DHLAUTH)328497</marc:subfield>
  </marc:datafield>
  <marc:datafield tag="998" ind1=" " ind2=" ">
    <marc:subfield code="a">19961220000000</marc:subfield>
    <marc:subfield code="c">20191004125800</marc:subfield>
    <marc:subfield code="d">ykcat</marc:subfield>
    <marc:subfield code="x">0x00010000bed22636</marc:subfield>
    <marc:subfield code="z">20200214213955</marc:subfield>
  </marc:datafield>
  <marc:datafield tag="999" ind1=" " ind2=" ">
    <marc:subfield code="a">yku20191003</marc:subfield>
    <marc:subfield code="b">20191003</marc:subfield>
    <marc:subfield code="c">u</marc:subfield>
  </marc:datafield>
</marc:record>
</metadata></record>