<record><header><identifier>oai:digitallibrary.un.org:4733</identifier><datestamp>2025-11-19T23:10:40Z</datestamp><setSpec>sanctions</setSpec></header><metadata><marc:record xmlns:marc="http://www.loc.gov/MARC21/slim" xmlns:xsi="http://www.w3.org/2001/XMLSchema-instance" xsi:schemaLocation="http://www.loc.gov/MARC21/slim http://www.loc.gov/standards/marcxml/schema/MARC21slim.xsd" type="Bibliographic">
     <marc:leader>01435nam a2200373#  4500</marc:leader>
  
  <marc:controlfield tag="001">4733</marc:controlfield>
  <marc:controlfield tag="005">20251119181040.0</marc:controlfield>
  <marc:controlfield tag="008">800108s1979    usa     r           eng u</marc:controlfield>
  <marc:datafield tag="035" ind1=" " ind2=" ">
    <marc:subfield code="a">D63830X</marc:subfield>
    <marc:subfield code="z">D0003579</marc:subfield>
  </marc:datafield>
  <marc:datafield tag="035" ind1=" " ind2=" ">
    <marc:subfield code="a">(DHL)63830</marc:subfield>
  </marc:datafield>
  <marc:datafield tag="039" ind1=" " ind2=" ">
    <marc:subfield code="a">DHU</marc:subfield>
  </marc:datafield>
  <marc:datafield tag="040" ind1=" " ind2=" ">
    <marc:subfield code="a">NNUN</marc:subfield>
    <marc:subfield code="b">eng</marc:subfield>
  </marc:datafield>
  <marc:datafield tag="041" ind1=" " ind2=" ">
    <marc:subfield code="a">engchifrerusspa</marc:subfield>
  </marc:datafield>
  <marc:datafield tag="049" ind1=" " ind2=" ">
    <marc:subfield code="a">usa</marc:subfield>
  </marc:datafield>
  <marc:datafield tag="089" ind1=" " ind2=" ">
    <marc:subfield code="a">Resolutions and decisions (UN)</marc:subfield>
    <marc:subfield code="b">B01</marc:subfield>
  </marc:datafield>
  <marc:datafield tag="091" ind1=" " ind2=" ">
    <marc:subfield code="a">GEN</marc:subfield>
  </marc:datafield>
  <marc:datafield tag="099" ind1=" " ind2=" ">
    <marc:subfield code="a">UNH</marc:subfield>
    <marc:subfield code="b">DHU</marc:subfield>
  </marc:datafield>
  <marc:datafield tag="191" ind1=" " ind2=" ">
    <marc:subfield code="a">A/AC.109/583</marc:subfield>
    <marc:subfield code="b">A/AC.109/</marc:subfield>
    <marc:subfield code="c">1979</marc:subfield>
    <marc:subfield code="d">A/AC.109/</marc:subfield>
    <marc:subfield code="e">583</marc:subfield>
    <marc:subfield code="q">AAC109583</marc:subfield>
    <marc:subfield code="r">AAC1091979</marc:subfield>
    <marc:subfield code="0">(DHLAUTH)326441</marc:subfield>
  </marc:datafield>
  <marc:datafield tag="245" ind1="1" ind2="0">
    <marc:subfield code="a">Activities of foreign economic and other interests which are impeding the implementation of the Declaration on the Granting of Independence to Colonial Countries and Peoples in Southern Rhodesia and Namibia and in all other Territories under colonial domination and efforts to eliminate colonialism, apartheid and racial discrimination in southern Africa :</marc:subfield>
    <marc:subfield code="b">Resolution adopted by the Special Committee at its 1154th meeting on August 1979.</marc:subfield>
  </marc:datafield>
  <marc:datafield tag="260" ind1=" " ind2=" ">
    <marc:subfield code="a">New York :</marc:subfield>
    <marc:subfield code="b">UN,</marc:subfield>
    <marc:subfield code="c">9 Aug. 1979.</marc:subfield>
  </marc:datafield>
  <marc:datafield tag="269" ind1=" " ind2=" ">
    <marc:subfield code="a">1979-08-09</marc:subfield>
  </marc:datafield>
  <marc:datafield tag="300" ind1=" " ind2=" ">
    <marc:subfield code="a">5 p.</marc:subfield>
  </marc:datafield>
  <marc:datafield tag="650" ind1="0" ind2="7">
    <marc:subfield code="a">NATURAL RESOURCES</marc:subfield>
    <marc:subfield code="0">(DHLAUTH)270548</marc:subfield>
  </marc:datafield>
  <marc:datafield tag="650" ind1="0" ind2="7">
    <marc:subfield code="a">PERMANENT SOVEREIGNTY</marc:subfield>
    <marc:subfield code="0">(DHLAUTH)269510</marc:subfield>
  </marc:datafield>
  <marc:datafield tag="650" ind1="0" ind2="7">
    <marc:subfield code="a">NAMIBIA</marc:subfield>
    <marc:subfield code="0">(DHLAUTH)10100</marc:subfield>
  </marc:datafield>
  <marc:datafield tag="650" ind1="0" ind2="7">
    <marc:subfield code="a">SANCTIONS</marc:subfield>
    <marc:subfield code="0">(DHLAUTH)9840</marc:subfield>
  </marc:datafield>
  <marc:datafield tag="650" ind1="0" ind2="7">
    <marc:subfield code="a">SOUTH AFRICA</marc:subfield>
    <marc:subfield code="0">(DHLAUTH)9686</marc:subfield>
  </marc:datafield>
  <marc:datafield tag="650" ind1="0" ind2="7">
    <marc:subfield code="a">DECOLONIZATION</marc:subfield>
    <marc:subfield code="0">(DHLAUTH)268444</marc:subfield>
  </marc:datafield>
  <marc:datafield tag="650" ind1="0" ind2="7">
    <marc:subfield code="a">FOREIGN INTERESTS</marc:subfield>
    <marc:subfield code="0">(DHLAUTH)268719</marc:subfield>
  </marc:datafield>
  <marc:datafield tag="650" ind1="0" ind2="7">
    <marc:subfield code="a">NUCLEAR WEAPONS</marc:subfield>
    <marc:subfield code="0">(DHLAUTH)268852</marc:subfield>
  </marc:datafield>
  <marc:datafield tag="650" ind1="0" ind2="7">
    <marc:subfield code="a">RESOURCES CONSERVATION</marc:subfield>
    <marc:subfield code="0">(DHLAUTH)270577</marc:subfield>
  </marc:datafield>
  <marc:datafield tag="650" ind1="0" ind2="7">
    <marc:subfield code="a">SOUTHERN RHODESIA QUESTION</marc:subfield>
    <marc:subfield code="0">(DHLAUTH)269020</marc:subfield>
  </marc:datafield>
  <marc:datafield tag="710" ind1="2" ind2="0">
    <marc:subfield code="a">UN. Special Committee on the Situation with regard to the Implementation of the Declaration on the Granting of Independence to Colonial Countries and Peoples</marc:subfield>
    <marc:subfield code="0">(DHLAUTH)49575</marc:subfield>
  </marc:datafield>
  <marc:datafield tag="909" ind1="C" ind2="O">
    <marc:subfield code="o">oai:digitallibrary.un.org:4733</marc:subfield>
    <marc:subfield code="p">sanctions</marc:subfield>
  </marc:datafield>
  <marc:datafield tag="930" ind1=" " ind2=" ">
    <marc:subfield code="a">UNDNOV79</marc:subfield>
  </marc:datafield>
  <marc:datafield tag="949" ind1=" " ind2=" ">
    <marc:subfield code="9">A/AC.109/583</marc:subfield>
    <marc:subfield code="b">mq88536</marc:subfield>
    <marc:subfield code="i">88536</marc:subfield>
    <marc:subfield code="k">unes</marc:subfield>
    <marc:subfield code="l">DHL</marc:subfield>
    <marc:subfield code="z">i</marc:subfield>
    <marc:subfield code="m">vcirc</marc:subfield>
    <marc:subfield code="d">19961230000000</marc:subfield>
  </marc:datafield>
  <marc:datafield tag="955" ind1=" " ind2=" ">
    <marc:subfield code="a">02784400</marc:subfield>
  </marc:datafield>
  <marc:datafield tag="980" ind1=" " ind2=" ">
    <marc:subfield code="a">BIB</marc:subfield>
  </marc:datafield>
  <marc:datafield tag="981" ind1=" " ind2=" ">
    <marc:subfield code="a">General Assembly</marc:subfield>
    <marc:subfield code="b">Subsidiary Bodies</marc:subfield>
  </marc:datafield>
  <marc:datafield tag="989" ind1=" " ind2=" ">
    <marc:subfield code="a">Documents and Publications</marc:subfield>
    <marc:subfield code="b">Resolutions and Decisions</marc:subfield>
  </marc:datafield>
  <marc:datafield tag="998" ind1=" " ind2=" ">
    <marc:subfield code="a">19961220000000</marc:subfield>
    <marc:subfield code="c">20141030151200</marc:subfield>
    <marc:subfield code="d">amcat</marc:subfield>
    <marc:subfield code="x">0x00010000ac634ac7</marc:subfield>
    <marc:subfield code="z">20200214213955</marc:subfield>
  </marc:datafield>
</marc:record>
</metadata></record>