<record><header><identifier>oai:digitallibrary.un.org:4736</identifier><datestamp>2025-11-19T23:10:52Z</datestamp><setSpec>sanctions</setSpec></header><metadata><marc:record xmlns:marc="http://www.loc.gov/MARC21/slim" xmlns:xsi="http://www.w3.org/2001/XMLSchema-instance" xsi:schemaLocation="http://www.loc.gov/MARC21/slim http://www.loc.gov/standards/marcxml/schema/MARC21slim.xsd" type="Bibliographic">
     <marc:leader>01412nam a2200421#  4500</marc:leader>
  
  <marc:controlfield tag="001">4736</marc:controlfield>
  <marc:controlfield tag="005">20251119181052.0</marc:controlfield>
  <marc:controlfield tag="008">800108s1979    usa     r           eng u</marc:controlfield>
  <marc:datafield tag="035" ind1=" " ind2=" ">
    <marc:subfield code="a">D63833X</marc:subfield>
    <marc:subfield code="z">D0003582</marc:subfield>
  </marc:datafield>
  <marc:datafield tag="035" ind1=" " ind2=" ">
    <marc:subfield code="a">(DHL)63833</marc:subfield>
  </marc:datafield>
  <marc:datafield tag="039" ind1=" " ind2=" ">
    <marc:subfield code="a">DHU</marc:subfield>
  </marc:datafield>
  <marc:datafield tag="040" ind1=" " ind2=" ">
    <marc:subfield code="a">NNUN</marc:subfield>
    <marc:subfield code="b">eng</marc:subfield>
  </marc:datafield>
  <marc:datafield tag="041" ind1=" " ind2=" ">
    <marc:subfield code="a">engchifrerusspa</marc:subfield>
  </marc:datafield>
  <marc:datafield tag="049" ind1=" " ind2=" ">
    <marc:subfield code="a">usa</marc:subfield>
  </marc:datafield>
  <marc:datafield tag="089" ind1=" " ind2=" ">
    <marc:subfield code="a">Resolutions and decisions (UN)</marc:subfield>
    <marc:subfield code="b">B01</marc:subfield>
  </marc:datafield>
  <marc:datafield tag="091" ind1=" " ind2=" ">
    <marc:subfield code="a">GEN</marc:subfield>
  </marc:datafield>
  <marc:datafield tag="099" ind1=" " ind2=" ">
    <marc:subfield code="a">UNH</marc:subfield>
    <marc:subfield code="b">DHU</marc:subfield>
  </marc:datafield>
  <marc:datafield tag="191" ind1=" " ind2=" ">
    <marc:subfield code="a">A/AC.109/586</marc:subfield>
    <marc:subfield code="b">A/AC.109/</marc:subfield>
    <marc:subfield code="c">1979</marc:subfield>
    <marc:subfield code="d">A/AC.109/</marc:subfield>
    <marc:subfield code="e">586</marc:subfield>
    <marc:subfield code="q">AAC109586</marc:subfield>
    <marc:subfield code="r">AAC1091979</marc:subfield>
    <marc:subfield code="0">(DHLAUTH)326441</marc:subfield>
  </marc:datafield>
  <marc:datafield tag="245" ind1="1" ind2="0">
    <marc:subfield code="a">Implementation of the Declaration on the Granting of Independence to Colonial Countries and Peoples by the specialized agencies and the international institutions associated with the United Nations :</marc:subfield>
    <marc:subfield code="b">Resolution adopted by the Special Committee at its 1156th meeting on 10 August 1979.</marc:subfield>
  </marc:datafield>
  <marc:datafield tag="260" ind1=" " ind2=" ">
    <marc:subfield code="a">New York :</marc:subfield>
    <marc:subfield code="b">UN,</marc:subfield>
    <marc:subfield code="c">10 Aug. 1979.</marc:subfield>
  </marc:datafield>
  <marc:datafield tag="269" ind1=" " ind2=" ">
    <marc:subfield code="a">1979-08-10</marc:subfield>
  </marc:datafield>
  <marc:datafield tag="300" ind1=" " ind2=" ">
    <marc:subfield code="a">4 p.</marc:subfield>
  </marc:datafield>
  <marc:datafield tag="610" ind1="2" ind2="7">
    <marc:subfield code="a">IBRD</marc:subfield>
    <marc:subfield code="0">(DHLAUTH)15275</marc:subfield>
  </marc:datafield>
  <marc:datafield tag="610" ind1="2" ind2="7">
    <marc:subfield code="a">IMF</marc:subfield>
    <marc:subfield code="0">(DHLAUTH)16013</marc:subfield>
  </marc:datafield>
  <marc:datafield tag="610" ind1="2" ind2="7">
    <marc:subfield code="a">OAU</marc:subfield>
    <marc:subfield code="0">(DHLAUTH)15513</marc:subfield>
  </marc:datafield>
  <marc:datafield tag="650" ind1="0" ind2="7">
    <marc:subfield code="a">SANCTIONS</marc:subfield>
    <marc:subfield code="0">(DHLAUTH)9840</marc:subfield>
  </marc:datafield>
  <marc:datafield tag="650" ind1="0" ind2="7">
    <marc:subfield code="a">SOUTH AFRICA</marc:subfield>
    <marc:subfield code="0">(DHLAUTH)9686</marc:subfield>
  </marc:datafield>
  <marc:datafield tag="650" ind1="0" ind2="7">
    <marc:subfield code="a">NATIONAL LIBERATION MOVEMENTS</marc:subfield>
    <marc:subfield code="0">(DHLAUTH)268431</marc:subfield>
  </marc:datafield>
  <marc:datafield tag="650" ind1="0" ind2="7">
    <marc:subfield code="a">AFRICA</marc:subfield>
    <marc:subfield code="0">(DHLAUTH)268560</marc:subfield>
  </marc:datafield>
  <marc:datafield tag="650" ind1="0" ind2="7">
    <marc:subfield code="a">AID PROGRAMMES</marc:subfield>
    <marc:subfield code="0">(DHLAUTH)268916</marc:subfield>
  </marc:datafield>
  <marc:datafield tag="650" ind1="0" ind2="7">
    <marc:subfield code="a">DECOLONIZATION</marc:subfield>
    <marc:subfield code="0">(DHLAUTH)268444</marc:subfield>
  </marc:datafield>
  <marc:datafield tag="650" ind1="0" ind2="7">
    <marc:subfield code="a">INTERNATIONAL ORGANIZATIONS</marc:subfield>
    <marc:subfield code="0">(DHLAUTH)268671</marc:subfield>
  </marc:datafield>
  <marc:datafield tag="650" ind1="0" ind2="7">
    <marc:subfield code="a">SOUTHERN RHODESIA QUESTION</marc:subfield>
    <marc:subfield code="0">(DHLAUTH)269020</marc:subfield>
  </marc:datafield>
  <marc:datafield tag="650" ind1="0" ind2="7">
    <marc:subfield code="a">COOPERATION BETWEEN ORGANIZATIONS</marc:subfield>
    <marc:subfield code="0">(DHLAUTH)268652</marc:subfield>
  </marc:datafield>
  <marc:datafield tag="650" ind1="0" ind2="7">
    <marc:subfield code="a">DEVELOPMENT FINANCE</marc:subfield>
    <marc:subfield code="0">(DHLAUTH)269876</marc:subfield>
  </marc:datafield>
  <marc:datafield tag="650" ind1="0" ind2="7">
    <marc:subfield code="a">FINANCIAL ASSISTANCE</marc:subfield>
    <marc:subfield code="0">(DHLAUTH)270308</marc:subfield>
  </marc:datafield>
  <marc:datafield tag="710" ind1="2" ind2="0">
    <marc:subfield code="a">UN. Special Committee on the Situation with regard to the Implementation of the Declaration on the Granting of Independence to Colonial Countries and Peoples</marc:subfield>
    <marc:subfield code="0">(DHLAUTH)49575</marc:subfield>
  </marc:datafield>
  <marc:datafield tag="909" ind1="C" ind2="O">
    <marc:subfield code="o">oai:digitallibrary.un.org:4736</marc:subfield>
    <marc:subfield code="p">sanctions</marc:subfield>
  </marc:datafield>
  <marc:datafield tag="930" ind1=" " ind2=" ">
    <marc:subfield code="a">UNDNOV79</marc:subfield>
  </marc:datafield>
  <marc:datafield tag="949" ind1=" " ind2=" ">
    <marc:subfield code="9">A/AC.109/586</marc:subfield>
    <marc:subfield code="b">mq88539</marc:subfield>
    <marc:subfield code="i">88539</marc:subfield>
    <marc:subfield code="k">unes</marc:subfield>
    <marc:subfield code="l">DHL</marc:subfield>
    <marc:subfield code="z">i</marc:subfield>
    <marc:subfield code="m">vcirc</marc:subfield>
    <marc:subfield code="d">19961230000000</marc:subfield>
  </marc:datafield>
  <marc:datafield tag="955" ind1=" " ind2=" ">
    <marc:subfield code="a">02784700</marc:subfield>
  </marc:datafield>
  <marc:datafield tag="980" ind1=" " ind2=" ">
    <marc:subfield code="a">BIB</marc:subfield>
  </marc:datafield>
  <marc:datafield tag="981" ind1=" " ind2=" ">
    <marc:subfield code="a">General Assembly</marc:subfield>
    <marc:subfield code="b">Subsidiary Bodies</marc:subfield>
  </marc:datafield>
  <marc:datafield tag="989" ind1=" " ind2=" ">
    <marc:subfield code="a">Documents and Publications</marc:subfield>
    <marc:subfield code="b">Resolutions and Decisions</marc:subfield>
  </marc:datafield>
  <marc:datafield tag="998" ind1=" " ind2=" ">
    <marc:subfield code="a">19961220000000</marc:subfield>
    <marc:subfield code="c">20141030151200</marc:subfield>
    <marc:subfield code="d">amcat</marc:subfield>
    <marc:subfield code="x">0x00010000ac634acb</marc:subfield>
    <marc:subfield code="z">20200214213955</marc:subfield>
  </marc:datafield>
</marc:record>
</metadata></record>