<record><header><identifier>oai:digitallibrary.un.org:5266</identifier><datestamp>2025-10-06T12:59:46Z</datestamp><setSpec>sanctions</setSpec></header><metadata><marc:record xmlns:marc="http://www.loc.gov/MARC21/slim" xmlns:xsi="http://www.w3.org/2001/XMLSchema-instance" xsi:schemaLocation="http://www.loc.gov/MARC21/slim http://www.loc.gov/standards/marcxml/schema/MARC21slim.xsd" type="Bibliographic">
     <marc:leader>01858cam a2200649#  4500</marc:leader>
  
  <marc:controlfield tag="001">5266</marc:controlfield>
  <marc:controlfield tag="005">20251006085946.0</marc:controlfield>
  <marc:controlfield tag="008">800207s1979    usa     r           eng u</marc:controlfield>
  <marc:datafield tag="035" ind1=" " ind2=" ">
    <marc:subfield code="a">D64650X</marc:subfield>
    <marc:subfield code="z">D0004104</marc:subfield>
  </marc:datafield>
  <marc:datafield tag="035" ind1=" " ind2=" ">
    <marc:subfield code="a">(DHL)64650</marc:subfield>
  </marc:datafield>
  <marc:datafield tag="039" ind1=" " ind2=" ">
    <marc:subfield code="a">DHU</marc:subfield>
  </marc:datafield>
  <marc:datafield tag="040" ind1=" " ind2=" ">
    <marc:subfield code="a">NNUN</marc:subfield>
    <marc:subfield code="b">eng</marc:subfield>
  </marc:datafield>
  <marc:datafield tag="041" ind1=" " ind2=" ">
    <marc:subfield code="a">arachiengfrerusspa</marc:subfield>
  </marc:datafield>
  <marc:datafield tag="049" ind1=" " ind2=" ">
    <marc:subfield code="a">usa</marc:subfield>
  </marc:datafield>
  <marc:datafield tag="089" ind1=" " ind2=" ">
    <marc:subfield code="a">Meeting records (UN)</marc:subfield>
    <marc:subfield code="b">B03</marc:subfield>
  </marc:datafield>
  <marc:datafield tag="091" ind1=" " ind2=" ">
    <marc:subfield code="a">gen</marc:subfield>
  </marc:datafield>
  <marc:datafield tag="099" ind1=" " ind2=" ">
    <marc:subfield code="a">UNH</marc:subfield>
    <marc:subfield code="b">DHU</marc:subfield>
  </marc:datafield>
  <marc:datafield tag="191" ind1=" " ind2=" ">
    <marc:subfield code="a">A/34/PV.23</marc:subfield>
    <marc:subfield code="b">A/</marc:subfield>
    <marc:subfield code="c">34</marc:subfield>
    <marc:subfield code="d">A/</marc:subfield>
    <marc:subfield code="e">34/PV.23</marc:subfield>
    <marc:subfield code="q">A34PV23</marc:subfield>
    <marc:subfield code="r">A34</marc:subfield>
    <marc:subfield code="0">(DHLAUTH)325989</marc:subfield>
  </marc:datafield>
  <marc:datafield tag="245" ind1="1" ind2="0">
    <marc:subfield code="a">General Assembly official records, 34th session :</marc:subfield>
    <marc:subfield code="b">23rd plenary meeting, Friday, 5 October 1979, New York</marc:subfield>
  </marc:datafield>
  <marc:datafield tag="260" ind1=" " ind2=" ">
    <marc:subfield code="a">New York :</marc:subfield>
    <marc:subfield code="b">UN,</marc:subfield>
    <marc:subfield code="c">8 Oct. 1979.</marc:subfield>
  </marc:datafield>
  <marc:datafield tag="269" ind1=" " ind2=" ">
    <marc:subfield code="a">1979-10-08</marc:subfield>
  </marc:datafield>
  <marc:datafield tag="300" ind1=" " ind2=" ">
    <marc:subfield code="a">[28] p.</marc:subfield>
  </marc:datafield>
  <marc:datafield tag="580" ind1=" " ind2=" ">
    <marc:subfield code="a">In: Official records of the General Assembly, plenary meetings, Vol. I (of 3 volumes) : verbatim records of the 1st to 32nd meetings, 18 September-12 October 1979- UNA(01)/R3 - p. 475-502. </marc:subfield>
  </marc:datafield>
  <marc:datafield tag="610" ind1="2" ind2="7">
    <marc:subfield code="a">UN Interim Force in Lebanon</marc:subfield>
    <marc:subfield code="0">(DHLAUTH)19635</marc:subfield>
  </marc:datafield>
  <marc:datafield tag="630" ind1="0" ind2="7">
    <marc:subfield code="a">UN Decade for Women : Equality, Development and Peace (1976-1985)</marc:subfield>
    <marc:subfield code="0">(DHLAUTH)39433</marc:subfield>
  </marc:datafield>
  <marc:datafield tag="630" ind1="0" ind2="7">
    <marc:subfield code="a">Declaration of the Indian Ocean as a Zone of Peace (1971)</marc:subfield>
    <marc:subfield code="0">(DHLAUTH)42638</marc:subfield>
  </marc:datafield>
  <marc:datafield tag="630" ind1="0" ind2="7">
    <marc:subfield code="a">Treaty of Peace between the Arab Republic of Egypt and the State of Israel (1979)</marc:subfield>
    <marc:subfield code="0">(DHLAUTH)34673</marc:subfield>
  </marc:datafield>
  <marc:datafield tag="650" ind1="0" ind2="7">
    <marc:subfield code="a">DEMOCRATIC YEMEN</marc:subfield>
    <marc:subfield code="0">(DHLAUTH)275602</marc:subfield>
  </marc:datafield>
  <marc:datafield tag="650" ind1="0" ind2="7">
    <marc:subfield code="a">EGYPT</marc:subfield>
    <marc:subfield code="0">(DHLAUTH)273328</marc:subfield>
  </marc:datafield>
  <marc:datafield tag="650" ind1="0" ind2="7">
    <marc:subfield code="a">ISRAEL</marc:subfield>
    <marc:subfield code="0">(DHLAUTH)268556</marc:subfield>
  </marc:datafield>
  <marc:datafield tag="650" ind1="0" ind2="7">
    <marc:subfield code="a">OMAN</marc:subfield>
    <marc:subfield code="0">(DHLAUTH)273438</marc:subfield>
  </marc:datafield>
  <marc:datafield tag="650" ind1="0" ind2="7">
    <marc:subfield code="a">SOUTHERN RHODESIA</marc:subfield>
    <marc:subfield code="0">(DHLAUTH)269087</marc:subfield>
  </marc:datafield>
  <marc:datafield tag="650" ind1="0" ind2="7">
    <marc:subfield code="a">ZONES OF PEACE</marc:subfield>
    <marc:subfield code="0">(DHLAUTH)268717</marc:subfield>
  </marc:datafield>
  <marc:datafield tag="650" ind1="0" ind2="7">
    <marc:subfield code="a">INDIAN OCEAN</marc:subfield>
    <marc:subfield code="0">(DHLAUTH)271036</marc:subfield>
  </marc:datafield>
  <marc:datafield tag="650" ind1="0" ind2="7">
    <marc:subfield code="a">POLITICAL STATUS</marc:subfield>
    <marc:subfield code="0">(DHLAUTH)269002</marc:subfield>
  </marc:datafield>
  <marc:datafield tag="650" ind1="0" ind2="7">
    <marc:subfield code="a">JERUSALEM</marc:subfield>
    <marc:subfield code="0">(DHLAUTH)276743</marc:subfield>
  </marc:datafield>
  <marc:datafield tag="650" ind1="0" ind2="7">
    <marc:subfield code="a">SANCTIONS</marc:subfield>
    <marc:subfield code="0">(DHLAUTH)9840</marc:subfield>
  </marc:datafield>
  <marc:datafield tag="650" ind1="0" ind2="7">
    <marc:subfield code="a">SOUTH AFRICA</marc:subfield>
    <marc:subfield code="0">(DHLAUTH)9686</marc:subfield>
  </marc:datafield>
  <marc:datafield tag="650" ind1="0" ind2="7">
    <marc:subfield code="a">PEACEKEEPING OPERATIONS</marc:subfield>
    <marc:subfield code="0">(DHLAUTH)474428</marc:subfield>
  </marc:datafield>
  <marc:datafield tag="650" ind1="0" ind2="7">
    <marc:subfield code="a">LEBANON</marc:subfield>
    <marc:subfield code="0">(DHLAUTH)269069</marc:subfield>
  </marc:datafield>
  <marc:datafield tag="650" ind1="0" ind2="7">
    <marc:subfield code="a">APARTHEID</marc:subfield>
    <marc:subfield code="0">(DHLAUTH)268992</marc:subfield>
  </marc:datafield>
  <marc:datafield tag="650" ind1="0" ind2="7">
    <marc:subfield code="a">ARMS RACE</marc:subfield>
    <marc:subfield code="0">(DHLAUTH)268568</marc:subfield>
  </marc:datafield>
  <marc:datafield tag="650" ind1="0" ind2="7">
    <marc:subfield code="a">CYPRUS QUESTION</marc:subfield>
    <marc:subfield code="0">(DHLAUTH)269039</marc:subfield>
  </marc:datafield>
  <marc:datafield tag="650" ind1="0" ind2="7">
    <marc:subfield code="a">ENERGY RESOURCES</marc:subfield>
    <marc:subfield code="0">(DHLAUTH)270561</marc:subfield>
  </marc:datafield>
  <marc:datafield tag="650" ind1="0" ind2="7">
    <marc:subfield code="a">DISARMAMENT</marc:subfield>
    <marc:subfield code="0">(DHLAUTH)268584</marc:subfield>
  </marc:datafield>
  <marc:datafield tag="650" ind1="0" ind2="7">
    <marc:subfield code="a">HUMAN RIGHTS ADVANCEMENT</marc:subfield>
    <marc:subfield code="0">(DHLAUTH)274478</marc:subfield>
  </marc:datafield>
  <marc:datafield tag="650" ind1="0" ind2="7">
    <marc:subfield code="a">INTERVENTION</marc:subfield>
    <marc:subfield code="0">(DHLAUTH)268618</marc:subfield>
  </marc:datafield>
  <marc:datafield tag="650" ind1="0" ind2="7">
    <marc:subfield code="a">LANDLOCKED STATES</marc:subfield>
    <marc:subfield code="0">(DHLAUTH)479452</marc:subfield>
  </marc:datafield>
  <marc:datafield tag="650" ind1="0" ind2="7">
    <marc:subfield code="a">LEBANON SITUATION</marc:subfield>
    <marc:subfield code="0">(DHLAUTH)269068</marc:subfield>
  </marc:datafield>
  <marc:datafield tag="650" ind1="0" ind2="7">
    <marc:subfield code="a">MIDDLE EAST SITUATION</marc:subfield>
    <marc:subfield code="0">(DHLAUTH)8818</marc:subfield>
  </marc:datafield>
  <marc:datafield tag="650" ind1="0" ind2="7">
    <marc:subfield code="a">NAMIBIA QUESTION</marc:subfield>
    <marc:subfield code="0">(DHLAUTH)269014</marc:subfield>
  </marc:datafield>
  <marc:datafield tag="650" ind1="0" ind2="7">
    <marc:subfield code="a">NUCLEAR NON-PROLIFERATION</marc:subfield>
    <marc:subfield code="0">(DHLAUTH)268951</marc:subfield>
  </marc:datafield>
  <marc:datafield tag="650" ind1="0" ind2="7">
    <marc:subfield code="a">PALESTINE QUESTION</marc:subfield>
    <marc:subfield code="0">(DHLAUTH)268363</marc:subfield>
  </marc:datafield>
  <marc:datafield tag="650" ind1="0" ind2="7">
    <marc:subfield code="a">WESTERN SAHARA QUESTION</marc:subfield>
    <marc:subfield code="0">(DHLAUTH)269024</marc:subfield>
  </marc:datafield>
  <marc:datafield tag="650" ind1="0" ind2="7">
    <marc:subfield code="a">TREATIES</marc:subfield>
    <marc:subfield code="0">(DHLAUTH)9632</marc:subfield>
  </marc:datafield>
  <marc:datafield tag="650" ind1="0" ind2="7">
    <marc:subfield code="a">INTERNATIONAL DECADES</marc:subfield>
    <marc:subfield code="0">(DHLAUTH)268661</marc:subfield>
  </marc:datafield>
  <marc:datafield tag="856" ind1="4" ind2=" ">
    <marc:subfield code="y">العربية</marc:subfield>
    <marc:subfield code="9">12eca0db-a3ed-4002-96f5-758239735da1</marc:subfield>
    <marc:subfield code="s">4159133</marc:subfield>
    <marc:subfield code="u">https://digitallibrary.un.org/record/5266/files/A_34_PV.23-AR.pdf</marc:subfield>
  </marc:datafield>
  <marc:datafield tag="856" ind1="4" ind2=" ">
    <marc:subfield code="y">English</marc:subfield>
    <marc:subfield code="9">9a81ed43-1de1-4773-bc40-872d1dbffa96</marc:subfield>
    <marc:subfield code="s">2924282</marc:subfield>
    <marc:subfield code="u">https://digitallibrary.un.org/record/5266/files/A_34_PV.23-EN.pdf</marc:subfield>
  </marc:datafield>
  <marc:datafield tag="856" ind1="4" ind2=" ">
    <marc:subfield code="y">Español</marc:subfield>
    <marc:subfield code="9">05bf9db6-9165-4c52-9e58-632d4740ce98</marc:subfield>
    <marc:subfield code="s">5157990</marc:subfield>
    <marc:subfield code="u">https://digitallibrary.un.org/record/5266/files/A_34_PV.23-ES.pdf</marc:subfield>
  </marc:datafield>
  <marc:datafield tag="856" ind1="4" ind2=" ">
    <marc:subfield code="y">Français</marc:subfield>
    <marc:subfield code="9">643d61a2-934c-4640-8774-ff0aec425242</marc:subfield>
    <marc:subfield code="s">5933608</marc:subfield>
    <marc:subfield code="u">https://digitallibrary.un.org/record/5266/files/A_34_PV.23-FR.pdf</marc:subfield>
  </marc:datafield>
  <marc:datafield tag="856" ind1="4" ind2=" ">
    <marc:subfield code="y">Русский</marc:subfield>
    <marc:subfield code="9">30cab807-486f-4351-b21f-9f0ae72fcac0</marc:subfield>
    <marc:subfield code="s">4390762</marc:subfield>
    <marc:subfield code="u">https://digitallibrary.un.org/record/5266/files/A_34_PV.23-RU.pdf</marc:subfield>
  </marc:datafield>
  <marc:datafield tag="856" ind1="4" ind2=" ">
    <marc:subfield code="y">中文</marc:subfield>
    <marc:subfield code="9">66f2490d-51bf-410d-90a5-fbad200c2214</marc:subfield>
    <marc:subfield code="s">3634989</marc:subfield>
    <marc:subfield code="u">https://digitallibrary.un.org/record/5266/files/A_34_PV.23-ZH.pdf</marc:subfield>
  </marc:datafield>
  <marc:datafield tag="909" ind1="C" ind2="O">
    <marc:subfield code="o">oai:digitallibrary.un.org:5266</marc:subfield>
    <marc:subfield code="p">sanctions</marc:subfield>
  </marc:datafield>
  <marc:datafield tag="930" ind1=" " ind2=" ">
    <marc:subfield code="a">UNDDEC79</marc:subfield>
  </marc:datafield>
  <marc:datafield tag="955" ind1=" " ind2=" ">
    <marc:subfield code="a">00154700</marc:subfield>
  </marc:datafield>
  <marc:datafield tag="980" ind1=" " ind2=" ">
    <marc:subfield code="a">BIB</marc:subfield>
  </marc:datafield>
  <marc:datafield tag="981" ind1=" " ind2=" ">
    <marc:subfield code="a">General Assembly</marc:subfield>
    <marc:subfield code="b">General Assembly Plenary</marc:subfield>
  </marc:datafield>
  <marc:datafield tag="989" ind1=" " ind2=" ">
    <marc:subfield code="a">Documents and Publications</marc:subfield>
    <marc:subfield code="b">Meeting Records</marc:subfield>
    <marc:subfield code="c">Verbatim Records</marc:subfield>
  </marc:datafield>
  <marc:datafield tag="992" ind1=" " ind2=" ">
    <marc:subfield code="a">1979-10-05</marc:subfield>
  </marc:datafield>
  <marc:datafield tag="998" ind1=" " ind2=" ">
    <marc:subfield code="a">19961220000000</marc:subfield>
    <marc:subfield code="c">20201104101000</marc:subfield>
    <marc:subfield code="d">mocat</marc:subfield>
    <marc:subfield code="x">0x00010000c1bb7602</marc:subfield>
    <marc:subfield code="z">20201104151245</marc:subfield>
  </marc:datafield>
  <marc:datafield tag="999" ind1=" " ind2=" ">
    <marc:subfield code="a">mou20201104</marc:subfield>
    <marc:subfield code="b">20201104</marc:subfield>
    <marc:subfield code="c">u</marc:subfield>
  </marc:datafield>
  <marc:datafield tag="999" ind1=" " ind2=" ">
    <marc:subfield code="a">mmu20250218</marc:subfield>
    <marc:subfield code="b">20250218</marc:subfield>
    <marc:subfield code="c">u</marc:subfield>
  </marc:datafield>
</marc:record>
</metadata></record>