<record><header><identifier>oai:digitallibrary.un.org:8855</identifier><datestamp>2025-10-06T12:59:47Z</datestamp><setSpec>sanctions</setSpec></header><metadata><marc:record xmlns:marc="http://www.loc.gov/MARC21/slim" xmlns:xsi="http://www.w3.org/2001/XMLSchema-instance" xsi:schemaLocation="http://www.loc.gov/MARC21/slim http://www.loc.gov/standards/marcxml/schema/MARC21slim.xsd" type="Bibliographic">
     <marc:leader>02070nam a2200529#  4500961220961220</marc:leader>
  
  <marc:controlfield tag="001">8855</marc:controlfield>
  <marc:controlfield tag="005">20251006085947.0</marc:controlfield>
  <marc:controlfield tag="008">800313s1979    usa     r           eng u</marc:controlfield>
  <marc:datafield tag="035" ind1=" " ind2=" ">
    <marc:subfield code="a">D70697X</marc:subfield>
    <marc:subfield code="z">D0007685</marc:subfield>
  </marc:datafield>
  <marc:datafield tag="035" ind1=" " ind2=" ">
    <marc:subfield code="a">(DHL)70697</marc:subfield>
  </marc:datafield>
  <marc:datafield tag="039" ind1=" " ind2=" ">
    <marc:subfield code="a">DHU</marc:subfield>
  </marc:datafield>
  <marc:datafield tag="040" ind1=" " ind2=" ">
    <marc:subfield code="a">NNUN</marc:subfield>
    <marc:subfield code="b">eng</marc:subfield>
  </marc:datafield>
  <marc:datafield tag="041" ind1=" " ind2=" ">
    <marc:subfield code="a">engarachifrerusspa</marc:subfield>
  </marc:datafield>
  <marc:datafield tag="049" ind1=" " ind2=" ">
    <marc:subfield code="a">usa</marc:subfield>
  </marc:datafield>
  <marc:datafield tag="089" ind1=" " ind2=" ">
    <marc:subfield code="a">Resolutions and decisions (UN) -- Draft</marc:subfield>
    <marc:subfield code="b">B02</marc:subfield>
  </marc:datafield>
  <marc:datafield tag="091" ind1=" " ind2=" ">
    <marc:subfield code="a">ltd</marc:subfield>
  </marc:datafield>
  <marc:datafield tag="099" ind1=" " ind2=" ">
    <marc:subfield code="a">UNH</marc:subfield>
    <marc:subfield code="b">DHU</marc:subfield>
  </marc:datafield>
  <marc:datafield tag="191" ind1=" " ind2=" ">
    <marc:subfield code="a">A/34/L.23/Add.1</marc:subfield>
    <marc:subfield code="b">A/</marc:subfield>
    <marc:subfield code="c">34</marc:subfield>
    <marc:subfield code="d">A/</marc:subfield>
    <marc:subfield code="e">34/L.23/Add.1</marc:subfield>
    <marc:subfield code="q">A34L23ADD1</marc:subfield>
    <marc:subfield code="r">A34</marc:subfield>
    <marc:subfield code="0">(DHLAUTH)325989</marc:subfield>
  </marc:datafield>
  <marc:datafield tag="245" ind1="1" ind2="0">
    <marc:subfield code="a">International Conference on Sanctions against South Africa :</marc:subfield>
    <marc:subfield code="b">draft resolution /</marc:subfield>
    <marc:subfield code="c">Algeria, Angola, Benin, Chad, Congo, Cuba, Democratic Yemen, Djibouti, Egypt, Equatorial Guinea, Ethiopia, Gabon, Gambia, Ghana, Grenada, Guinea, Guinea-Bissau, Jordan, Kenya, Liberia, Libyan Arab Jamahiriya, Madagascar, Mali, Mauritania, Morocco, Niger, Nigeria, Pakistan, Sao Tome and Principe, Senegal, Sierra Leone, Sudan, Syrian Arab Republic, Tunisia, Uganda, United Republic of Cameroon, United Republic of Tanzania, Viet Nam, Zaire and Zambia.</marc:subfield>
  </marc:datafield>
  <marc:datafield tag="260" ind1=" " ind2=" ">
    <marc:subfield code="a">New York :</marc:subfield>
    <marc:subfield code="b">UN,</marc:subfield>
    <marc:subfield code="c">12 Dec. 1979.</marc:subfield>
  </marc:datafield>
  <marc:datafield tag="269" ind1=" " ind2=" ">
    <marc:subfield code="a">1979-12-12</marc:subfield>
  </marc:datafield>
  <marc:datafield tag="300" ind1=" " ind2=" ">
    <marc:subfield code="a">1 p.</marc:subfield>
  </marc:datafield>
  <marc:datafield tag="500" ind1=" " ind2=" ">
    <marc:subfield code="a">Adds Afghanistan, Bangladesh, Burundi, Cape Verde, Central African Republic, Haiti, India, Indonesia, Iran, Jamaica, Kuwait, Malaysia, Nepal, Philippines, Qatar, Romania, Rwanda, Somalia, and Yugoslavia to the list of sponsors.</marc:subfield>
  </marc:datafield>
  <marc:datafield tag="650" ind1="0" ind2="7">
    <marc:subfield code="a">SANCTIONS</marc:subfield>
    <marc:subfield code="0">(DHLAUTH)9840</marc:subfield>
  </marc:datafield>
  <marc:datafield tag="650" ind1="0" ind2="7">
    <marc:subfield code="a">SOUTH AFRICA</marc:subfield>
    <marc:subfield code="0">(DHLAUTH)9686</marc:subfield>
  </marc:datafield>
  <marc:datafield tag="650" ind1="0" ind2="7">
    <marc:subfield code="a">APARTHEID</marc:subfield>
    <marc:subfield code="0">(DHLAUTH)268992</marc:subfield>
  </marc:datafield>
  <marc:datafield tag="710" ind1="2" ind2="0">
    <marc:subfield code="a">Afghanistan</marc:subfield>
    <marc:subfield code="0">(DHLAUTH)71929</marc:subfield>
  </marc:datafield>
  <marc:datafield tag="710" ind1="2" ind2="0">
    <marc:subfield code="a">Bangladesh</marc:subfield>
    <marc:subfield code="0">(DHLAUTH)39651</marc:subfield>
  </marc:datafield>
  <marc:datafield tag="710" ind1="2" ind2="0">
    <marc:subfield code="a">Burundi</marc:subfield>
    <marc:subfield code="0">(DHLAUTH)72009</marc:subfield>
  </marc:datafield>
  <marc:datafield tag="710" ind1="2" ind2="0">
    <marc:subfield code="a">Cape Verde</marc:subfield>
    <marc:subfield code="0">(DHLAUTH)72025</marc:subfield>
  </marc:datafield>
  <marc:datafield tag="710" ind1="2" ind2="0">
    <marc:subfield code="a">Central African Republic</marc:subfield>
    <marc:subfield code="0">(DHLAUTH)72057</marc:subfield>
  </marc:datafield>
  <marc:datafield tag="710" ind1="2" ind2="0">
    <marc:subfield code="a">Haiti</marc:subfield>
    <marc:subfield code="0">(DHLAUTH)72289</marc:subfield>
  </marc:datafield>
  <marc:datafield tag="710" ind1="2" ind2="0">
    <marc:subfield code="a">India</marc:subfield>
    <marc:subfield code="0">(DHLAUTH)72301</marc:subfield>
  </marc:datafield>
  <marc:datafield tag="710" ind1="2" ind2="0">
    <marc:subfield code="a">Indonesia</marc:subfield>
    <marc:subfield code="0">(DHLAUTH)60335</marc:subfield>
  </marc:datafield>
  <marc:datafield tag="710" ind1="2" ind2="0">
    <marc:subfield code="a">Jamaica</marc:subfield>
    <marc:subfield code="0">(DHLAUTH)72493</marc:subfield>
  </marc:datafield>
  <marc:datafield tag="710" ind1="2" ind2="0">
    <marc:subfield code="a">Kuwait</marc:subfield>
    <marc:subfield code="0">(DHLAUTH)39867</marc:subfield>
  </marc:datafield>
  <marc:datafield tag="710" ind1="2" ind2="0">
    <marc:subfield code="a">Malaysia</marc:subfield>
    <marc:subfield code="0">(DHLAUTH)72557</marc:subfield>
  </marc:datafield>
  <marc:datafield tag="710" ind1="2" ind2="0">
    <marc:subfield code="a">Nepal</marc:subfield>
    <marc:subfield code="0">(DHLAUTH)72617</marc:subfield>
  </marc:datafield>
  <marc:datafield tag="710" ind1="2" ind2="0">
    <marc:subfield code="a">Philippines</marc:subfield>
    <marc:subfield code="0">(DHLAUTH)72765</marc:subfield>
  </marc:datafield>
  <marc:datafield tag="710" ind1="2" ind2="0">
    <marc:subfield code="a">Qatar</marc:subfield>
    <marc:subfield code="0">(DHLAUTH)40037</marc:subfield>
  </marc:datafield>
  <marc:datafield tag="710" ind1="2" ind2="0">
    <marc:subfield code="a">Romania</marc:subfield>
    <marc:subfield code="0">(DHLAUTH)40047</marc:subfield>
  </marc:datafield>
  <marc:datafield tag="710" ind1="2" ind2="0">
    <marc:subfield code="a">Rwanda</marc:subfield>
    <marc:subfield code="0">(DHLAUTH)40049</marc:subfield>
  </marc:datafield>
  <marc:datafield tag="710" ind1="2" ind2="0">
    <marc:subfield code="a">Somalia</marc:subfield>
    <marc:subfield code="0">(DHLAUTH)72845</marc:subfield>
  </marc:datafield>
  <marc:datafield tag="710" ind1="2" ind2="0">
    <marc:subfield code="a">Yugoslavia</marc:subfield>
    <marc:subfield code="0">(DHLAUTH)74780</marc:subfield>
  </marc:datafield>
  <marc:datafield tag="710" ind1=" " ind2=" ">
    <marc:subfield code="a">Iran</marc:subfield>
    <marc:subfield code="0">(DHLAUTH)667909</marc:subfield>
  </marc:datafield>
  <marc:datafield tag="909" ind1="C" ind2="O">
    <marc:subfield code="o">oai:digitallibrary.un.org:8855</marc:subfield>
    <marc:subfield code="p">sanctions</marc:subfield>
  </marc:datafield>
  <marc:datafield tag="930" ind1=" " ind2=" ">
    <marc:subfield code="a">UNDJAN80</marc:subfield>
  </marc:datafield>
  <marc:datafield tag="949" ind1=" " ind2=" ">
    <marc:subfield code="9">A/34/L.23/Add.1</marc:subfield>
    <marc:subfield code="b">mq96847</marc:subfield>
    <marc:subfield code="i">96847</marc:subfield>
    <marc:subfield code="k">unes</marc:subfield>
    <marc:subfield code="l">DHL</marc:subfield>
    <marc:subfield code="z">i</marc:subfield>
    <marc:subfield code="m">vcirc</marc:subfield>
    <marc:subfield code="d">19961230000000</marc:subfield>
  </marc:datafield>
  <marc:datafield tag="955" ind1=" " ind2=" ">
    <marc:subfield code="a">00133300</marc:subfield>
  </marc:datafield>
  <marc:datafield tag="980" ind1=" " ind2=" ">
    <marc:subfield code="a">BIB</marc:subfield>
  </marc:datafield>
  <marc:datafield tag="981" ind1=" " ind2=" ">
    <marc:subfield code="a">General Assembly</marc:subfield>
    <marc:subfield code="b">General Assembly Plenary</marc:subfield>
  </marc:datafield>
  <marc:datafield tag="989" ind1=" " ind2=" ">
    <marc:subfield code="a">Documents and Publications</marc:subfield>
    <marc:subfield code="b">Draft Resolutions and Decisions</marc:subfield>
  </marc:datafield>
  <marc:datafield tag="991" ind1="1" ind2=" ">
    <marc:subfield code="a">A/34/251</marc:subfield>
    <marc:subfield code="b">28</marc:subfield>
    <marc:subfield code="c">Policies of apartheid of the Government of South Africa.</marc:subfield>
    <marc:subfield code="0">(DHLAUTH)328638</marc:subfield>
  </marc:datafield>
  <marc:datafield tag="998" ind1=" " ind2=" ">
    <marc:subfield code="a">19961220000000</marc:subfield>
    <marc:subfield code="c">20220207140700</marc:subfield>
    <marc:subfield code="d">sh35cat</marc:subfield>
    <marc:subfield code="x">0x00010000c54f28b3</marc:subfield>
    <marc:subfield code="z">20220207191036</marc:subfield>
  </marc:datafield>
</marc:record>
</metadata></record>