<record><header><identifier>oai:digitallibrary.un.org:8955</identifier><datestamp>2025-10-06T12:59:47Z</datestamp><setSpec>sanctions</setSpec></header><metadata><marc:record xmlns:marc="http://www.loc.gov/MARC21/slim" xmlns:xsi="http://www.w3.org/2001/XMLSchema-instance" xsi:schemaLocation="http://www.loc.gov/MARC21/slim http://www.loc.gov/standards/marcxml/schema/MARC21slim.xsd" type="Bibliographic">
     <marc:leader>00872nam a2200325#  4500961220961220</marc:leader>
  
  <marc:controlfield tag="001">8955</marc:controlfield>
  <marc:controlfield tag="005">20251006085947.0</marc:controlfield>
  <marc:controlfield tag="008">800313s1979    usa     r           eng u</marc:controlfield>
  <marc:datafield tag="035" ind1=" " ind2=" ">
    <marc:subfield code="a">D70897X</marc:subfield>
    <marc:subfield code="z">D0007786</marc:subfield>
  </marc:datafield>
  <marc:datafield tag="035" ind1=" " ind2=" ">
    <marc:subfield code="a">(DHL)70897</marc:subfield>
  </marc:datafield>
  <marc:datafield tag="039" ind1=" " ind2=" ">
    <marc:subfield code="a">DHU</marc:subfield>
  </marc:datafield>
  <marc:datafield tag="040" ind1=" " ind2=" ">
    <marc:subfield code="a">NNUN</marc:subfield>
    <marc:subfield code="b">eng</marc:subfield>
  </marc:datafield>
  <marc:datafield tag="041" ind1=" " ind2=" ">
    <marc:subfield code="a">arachiengfrerusspa</marc:subfield>
  </marc:datafield>
  <marc:datafield tag="049" ind1=" " ind2=" ">
    <marc:subfield code="a">usa</marc:subfield>
  </marc:datafield>
  <marc:datafield tag="089" ind1=" " ind2=" ">
    <marc:subfield code="a">Meeting records (UN)</marc:subfield>
    <marc:subfield code="b">B03</marc:subfield>
  </marc:datafield>
  <marc:datafield tag="091" ind1=" " ind2=" ">
    <marc:subfield code="a">pro</marc:subfield>
  </marc:datafield>
  <marc:datafield tag="099" ind1=" " ind2=" ">
    <marc:subfield code="a">UNH</marc:subfield>
    <marc:subfield code="b">DHU</marc:subfield>
  </marc:datafield>
  <marc:datafield tag="191" ind1=" " ind2=" ">
    <marc:subfield code="a">A/34/PV.54</marc:subfield>
    <marc:subfield code="b">A/</marc:subfield>
    <marc:subfield code="c">34</marc:subfield>
    <marc:subfield code="d">A/</marc:subfield>
    <marc:subfield code="e">34/PV.54</marc:subfield>
    <marc:subfield code="q">A34PV54</marc:subfield>
    <marc:subfield code="r">A34</marc:subfield>
    <marc:subfield code="0">(DHLAUTH)325989</marc:subfield>
  </marc:datafield>
  <marc:datafield tag="245" ind1="1" ind2="0">
    <marc:subfield code="a">General Assembly official records, 34th session :</marc:subfield>
    <marc:subfield code="b">54th plenary meeting, Tuesday, 6 November 1979, New York</marc:subfield>
  </marc:datafield>
  <marc:datafield tag="260" ind1=" " ind2=" ">
    <marc:subfield code="a">New York :</marc:subfield>
    <marc:subfield code="b">UN,</marc:subfield>
    <marc:subfield code="c">6 Nov. 1979.</marc:subfield>
  </marc:datafield>
  <marc:datafield tag="269" ind1=" " ind2=" ">
    <marc:subfield code="a">1979-11-06</marc:subfield>
  </marc:datafield>
  <marc:datafield tag="300" ind1=" " ind2=" ">
    <marc:subfield code="a">[12] p.</marc:subfield>
  </marc:datafield>
  <marc:datafield tag="580" ind1=" " ind2=" ">
    <marc:subfield code="a">In: Official records of the General Assembly, plenary meetings, Vol. 2 (of 3 volumes) : verbatim records of the 33rd to 76th meetings, 15 October-23 November 1979- UNA(01)/R3 - p. 1033-1044. </marc:subfield>
  </marc:datafield>
  <marc:datafield tag="610" ind1="2" ind2="7">
    <marc:subfield code="a">UN. SPECIAL COMMITTEE AGAINST APARTHEID</marc:subfield>
    <marc:subfield code="g">ACTIVITIES (1978-1979)</marc:subfield>
    <marc:subfield code="0">(DHLAUTH)328808</marc:subfield>
  </marc:datafield>
  <marc:datafield tag="650" ind1="0" ind2="7">
    <marc:subfield code="a">ARMS EMBARGO</marc:subfield>
    <marc:subfield code="0">(DHLAUTH)268736</marc:subfield>
  </marc:datafield>
  <marc:datafield tag="650" ind1="0" ind2="7">
    <marc:subfield code="a">NUCLEAR WEAPONS</marc:subfield>
    <marc:subfield code="0">(DHLAUTH)268852</marc:subfield>
  </marc:datafield>
  <marc:datafield tag="650" ind1="0" ind2="7">
    <marc:subfield code="a">SANCTIONS</marc:subfield>
    <marc:subfield code="0">(DHLAUTH)9840</marc:subfield>
  </marc:datafield>
  <marc:datafield tag="650" ind1="0" ind2="7">
    <marc:subfield code="a">SOUTH AFRICA</marc:subfield>
    <marc:subfield code="0">(DHLAUTH)9686</marc:subfield>
  </marc:datafield>
  <marc:datafield tag="650" ind1="0" ind2="7">
    <marc:subfield code="a">TRANSNATIONAL CORPORATIONS</marc:subfield>
    <marc:subfield code="0">(DHLAUTH)10314</marc:subfield>
  </marc:datafield>
  <marc:datafield tag="650" ind1="0" ind2="7">
    <marc:subfield code="a">APARTHEID</marc:subfield>
    <marc:subfield code="0">(DHLAUTH)268992</marc:subfield>
  </marc:datafield>
  <marc:datafield tag="856" ind1="4" ind2=" ">
    <marc:subfield code="y">العربية</marc:subfield>
    <marc:subfield code="9">ea571fd0-597a-471b-869b-cbcab5eaf5fb</marc:subfield>
    <marc:subfield code="s">2045824</marc:subfield>
    <marc:subfield code="u">https://digitallibrary.un.org/record/8955/files/A_34_PV.54-AR.pdf</marc:subfield>
  </marc:datafield>
  <marc:datafield tag="856" ind1="4" ind2=" ">
    <marc:subfield code="y">English</marc:subfield>
    <marc:subfield code="9">0ddf5d8a-c553-48aa-8be7-49c02421a408</marc:subfield>
    <marc:subfield code="s">1973696</marc:subfield>
    <marc:subfield code="u">https://digitallibrary.un.org/record/8955/files/A_34_PV.54-EN.pdf</marc:subfield>
  </marc:datafield>
  <marc:datafield tag="856" ind1="4" ind2=" ">
    <marc:subfield code="y">Español</marc:subfield>
    <marc:subfield code="9">b1d7adcb-b9ea-4829-b4cb-81f4801623b5</marc:subfield>
    <marc:subfield code="s">2525433</marc:subfield>
    <marc:subfield code="u">https://digitallibrary.un.org/record/8955/files/A_34_PV.54-ES.pdf</marc:subfield>
  </marc:datafield>
  <marc:datafield tag="856" ind1="4" ind2=" ">
    <marc:subfield code="y">Français</marc:subfield>
    <marc:subfield code="9">c7566fd1-e028-4039-9e7c-2ff4c14a0977</marc:subfield>
    <marc:subfield code="s">2610036</marc:subfield>
    <marc:subfield code="u">https://digitallibrary.un.org/record/8955/files/A_34_PV.54-FR.pdf</marc:subfield>
  </marc:datafield>
  <marc:datafield tag="856" ind1="4" ind2=" ">
    <marc:subfield code="y">Русский</marc:subfield>
    <marc:subfield code="9">4d85e733-55e7-4db0-bece-31ce8228ce34</marc:subfield>
    <marc:subfield code="s">1953993</marc:subfield>
    <marc:subfield code="u">https://digitallibrary.un.org/record/8955/files/A_34_PV.54-RU.pdf</marc:subfield>
  </marc:datafield>
  <marc:datafield tag="856" ind1="4" ind2=" ">
    <marc:subfield code="y">中文</marc:subfield>
    <marc:subfield code="9">dda4821b-0c91-4249-a3f6-84dbf480bb11</marc:subfield>
    <marc:subfield code="s">1500618</marc:subfield>
    <marc:subfield code="u">https://digitallibrary.un.org/record/8955/files/A_34_PV.54-ZH.pdf</marc:subfield>
  </marc:datafield>
  <marc:datafield tag="909" ind1="C" ind2="O">
    <marc:subfield code="o">oai:digitallibrary.un.org:8955</marc:subfield>
    <marc:subfield code="p">sanctions</marc:subfield>
  </marc:datafield>
  <marc:datafield tag="930" ind1=" " ind2=" ">
    <marc:subfield code="a">UNDJAN80</marc:subfield>
  </marc:datafield>
  <marc:datafield tag="955" ind1=" " ind2=" ">
    <marc:subfield code="a">00147700</marc:subfield>
  </marc:datafield>
  <marc:datafield tag="980" ind1=" " ind2=" ">
    <marc:subfield code="a">BIB</marc:subfield>
  </marc:datafield>
  <marc:datafield tag="981" ind1=" " ind2=" ">
    <marc:subfield code="a">General Assembly</marc:subfield>
    <marc:subfield code="b">General Assembly Plenary</marc:subfield>
  </marc:datafield>
  <marc:datafield tag="989" ind1=" " ind2=" ">
    <marc:subfield code="a">Documents and Publications</marc:subfield>
    <marc:subfield code="b">Meeting Records</marc:subfield>
    <marc:subfield code="c">Verbatim Records</marc:subfield>
  </marc:datafield>
  <marc:datafield tag="992" ind1=" " ind2=" ">
    <marc:subfield code="a">1979-11-06</marc:subfield>
  </marc:datafield>
  <marc:datafield tag="998" ind1=" " ind2=" ">
    <marc:subfield code="a">19961220000000</marc:subfield>
    <marc:subfield code="c">20201106100700</marc:subfield>
    <marc:subfield code="d">mocat</marc:subfield>
    <marc:subfield code="x">0x00010000c1bfbed0</marc:subfield>
    <marc:subfield code="z">20201106151338</marc:subfield>
  </marc:datafield>
  <marc:datafield tag="999" ind1=" " ind2=" ">
    <marc:subfield code="a">mou20201106</marc:subfield>
    <marc:subfield code="b">20201106</marc:subfield>
    <marc:subfield code="c">u</marc:subfield>
  </marc:datafield>
  <marc:datafield tag="999" ind1=" " ind2=" ">
    <marc:subfield code="a">mmu20250218</marc:subfield>
    <marc:subfield code="b">20250218</marc:subfield>
    <marc:subfield code="c">u</marc:subfield>
  </marc:datafield>
</marc:record>
</metadata></record>