<record><header><identifier>oai:digitallibrary.un.org:8956</identifier><datestamp>2025-10-06T12:59:47Z</datestamp><setSpec>sanctions</setSpec></header><metadata><marc:record xmlns:marc="http://www.loc.gov/MARC21/slim" xmlns:xsi="http://www.w3.org/2001/XMLSchema-instance" xsi:schemaLocation="http://www.loc.gov/MARC21/slim http://www.loc.gov/standards/marcxml/schema/MARC21slim.xsd" type="Bibliographic">
     <marc:leader>00829nam a2200313#  4500961220961220</marc:leader>
  
  <marc:controlfield tag="001">8956</marc:controlfield>
  <marc:controlfield tag="005">20251006085947.0</marc:controlfield>
  <marc:controlfield tag="008">800313s1979    usa     r           eng u</marc:controlfield>
  <marc:datafield tag="035" ind1=" " ind2=" ">
    <marc:subfield code="a">D70898X</marc:subfield>
    <marc:subfield code="z">D0007787</marc:subfield>
  </marc:datafield>
  <marc:datafield tag="035" ind1=" " ind2=" ">
    <marc:subfield code="a">(DHL)70898</marc:subfield>
  </marc:datafield>
  <marc:datafield tag="039" ind1=" " ind2=" ">
    <marc:subfield code="a">DHU</marc:subfield>
  </marc:datafield>
  <marc:datafield tag="040" ind1=" " ind2=" ">
    <marc:subfield code="a">NNUN</marc:subfield>
    <marc:subfield code="b">eng</marc:subfield>
  </marc:datafield>
  <marc:datafield tag="041" ind1=" " ind2=" ">
    <marc:subfield code="a">arachiengfrerusspa</marc:subfield>
  </marc:datafield>
  <marc:datafield tag="049" ind1=" " ind2=" ">
    <marc:subfield code="a">usa</marc:subfield>
  </marc:datafield>
  <marc:datafield tag="089" ind1=" " ind2=" ">
    <marc:subfield code="a">Meeting records (UN)</marc:subfield>
    <marc:subfield code="b">B03</marc:subfield>
  </marc:datafield>
  <marc:datafield tag="091" ind1=" " ind2=" ">
    <marc:subfield code="a">pro</marc:subfield>
  </marc:datafield>
  <marc:datafield tag="099" ind1=" " ind2=" ">
    <marc:subfield code="a">UNH</marc:subfield>
    <marc:subfield code="b">DHU</marc:subfield>
  </marc:datafield>
  <marc:datafield tag="191" ind1=" " ind2=" ">
    <marc:subfield code="a">A/34/PV.55</marc:subfield>
    <marc:subfield code="b">A/</marc:subfield>
    <marc:subfield code="c">34</marc:subfield>
    <marc:subfield code="d">A/</marc:subfield>
    <marc:subfield code="e">34/PV.55</marc:subfield>
    <marc:subfield code="q">A34PV55</marc:subfield>
    <marc:subfield code="r">A34</marc:subfield>
    <marc:subfield code="0">(DHLAUTH)325989</marc:subfield>
  </marc:datafield>
  <marc:datafield tag="245" ind1="1" ind2="0">
    <marc:subfield code="a">General Assembly official records, 34th session :</marc:subfield>
    <marc:subfield code="b">55th plenary meeting, Tuesday, 6 November 1979, New York</marc:subfield>
  </marc:datafield>
  <marc:datafield tag="260" ind1=" " ind2=" ">
    <marc:subfield code="a">New York :</marc:subfield>
    <marc:subfield code="b">UN,</marc:subfield>
    <marc:subfield code="c">7 Nov. 1979.</marc:subfield>
  </marc:datafield>
  <marc:datafield tag="269" ind1=" " ind2=" ">
    <marc:subfield code="a">1979-11-07</marc:subfield>
  </marc:datafield>
  <marc:datafield tag="300" ind1=" " ind2=" ">
    <marc:subfield code="a">[9] p.</marc:subfield>
  </marc:datafield>
  <marc:datafield tag="580" ind1=" " ind2=" ">
    <marc:subfield code="a">In: Official records of the General Assembly, plenary meetings, Vol. 2 (of 3 volumes) : verbatim records of the 33rd to 76th meetings, 15 October-23 November 1979- UNA(01)/R3 - p. 1045-1053. </marc:subfield>
  </marc:datafield>
  <marc:datafield tag="610" ind1="2" ind2="7">
    <marc:subfield code="a">UN. SPECIAL COMMITTEE AGAINST APARTHEID</marc:subfield>
    <marc:subfield code="g">ACTIVITIES (1978-1979)</marc:subfield>
    <marc:subfield code="0">(DHLAUTH)328808</marc:subfield>
  </marc:datafield>
  <marc:datafield tag="650" ind1="0" ind2="7">
    <marc:subfield code="a">ARMS EMBARGO</marc:subfield>
    <marc:subfield code="0">(DHLAUTH)268736</marc:subfield>
  </marc:datafield>
  <marc:datafield tag="650" ind1="0" ind2="7">
    <marc:subfield code="a">NUCLEAR WEAPONS</marc:subfield>
    <marc:subfield code="0">(DHLAUTH)268852</marc:subfield>
  </marc:datafield>
  <marc:datafield tag="650" ind1="0" ind2="7">
    <marc:subfield code="a">SANCTIONS</marc:subfield>
    <marc:subfield code="0">(DHLAUTH)9840</marc:subfield>
  </marc:datafield>
  <marc:datafield tag="650" ind1="0" ind2="7">
    <marc:subfield code="a">SOUTH AFRICA</marc:subfield>
    <marc:subfield code="0">(DHLAUTH)9686</marc:subfield>
  </marc:datafield>
  <marc:datafield tag="650" ind1="0" ind2="7">
    <marc:subfield code="a">APARTHEID</marc:subfield>
    <marc:subfield code="0">(DHLAUTH)268992</marc:subfield>
  </marc:datafield>
  <marc:datafield tag="856" ind1="4" ind2=" ">
    <marc:subfield code="y">العربية</marc:subfield>
    <marc:subfield code="9">5ed314b1-f1ee-4082-bd78-ed929803d9bb</marc:subfield>
    <marc:subfield code="s">1656213</marc:subfield>
    <marc:subfield code="u">https://digitallibrary.un.org/record/8956/files/A_34_PV.55-AR.pdf</marc:subfield>
  </marc:datafield>
  <marc:datafield tag="856" ind1="4" ind2=" ">
    <marc:subfield code="y">English</marc:subfield>
    <marc:subfield code="9">c30581ef-9740-4c6a-9de6-916a4a943971</marc:subfield>
    <marc:subfield code="s">1523501</marc:subfield>
    <marc:subfield code="u">https://digitallibrary.un.org/record/8956/files/A_34_PV.55-EN.pdf</marc:subfield>
  </marc:datafield>
  <marc:datafield tag="856" ind1="4" ind2=" ">
    <marc:subfield code="y">Español</marc:subfield>
    <marc:subfield code="9">b66a8422-1a52-4de1-81ce-0702cdb4efa9</marc:subfield>
    <marc:subfield code="s">1950240</marc:subfield>
    <marc:subfield code="u">https://digitallibrary.un.org/record/8956/files/A_34_PV.55-ES.pdf</marc:subfield>
  </marc:datafield>
  <marc:datafield tag="856" ind1="4" ind2=" ">
    <marc:subfield code="y">Français</marc:subfield>
    <marc:subfield code="9">3c7d08db-0cd0-4473-817a-680e0c4d836f</marc:subfield>
    <marc:subfield code="s">2002216</marc:subfield>
    <marc:subfield code="u">https://digitallibrary.un.org/record/8956/files/A_34_PV.55-FR.pdf</marc:subfield>
  </marc:datafield>
  <marc:datafield tag="856" ind1="4" ind2=" ">
    <marc:subfield code="y">Русский</marc:subfield>
    <marc:subfield code="9">c82243e5-183a-439a-aaeb-6130c663488a</marc:subfield>
    <marc:subfield code="s">1518469</marc:subfield>
    <marc:subfield code="u">https://digitallibrary.un.org/record/8956/files/A_34_PV.55-RU.pdf</marc:subfield>
  </marc:datafield>
  <marc:datafield tag="856" ind1="4" ind2=" ">
    <marc:subfield code="y">中文</marc:subfield>
    <marc:subfield code="9">020db3a1-872d-45ec-980b-d66b2d62d48a</marc:subfield>
    <marc:subfield code="s">1159821</marc:subfield>
    <marc:subfield code="u">https://digitallibrary.un.org/record/8956/files/A_34_PV.55-ZH.pdf</marc:subfield>
  </marc:datafield>
  <marc:datafield tag="909" ind1="C" ind2="O">
    <marc:subfield code="o">oai:digitallibrary.un.org:8956</marc:subfield>
    <marc:subfield code="p">sanctions</marc:subfield>
  </marc:datafield>
  <marc:datafield tag="930" ind1=" " ind2=" ">
    <marc:subfield code="a">UNDJAN80</marc:subfield>
  </marc:datafield>
  <marc:datafield tag="955" ind1=" " ind2=" ">
    <marc:subfield code="a">00147800</marc:subfield>
  </marc:datafield>
  <marc:datafield tag="980" ind1=" " ind2=" ">
    <marc:subfield code="a">BIB</marc:subfield>
  </marc:datafield>
  <marc:datafield tag="981" ind1=" " ind2=" ">
    <marc:subfield code="a">General Assembly</marc:subfield>
    <marc:subfield code="b">General Assembly Plenary</marc:subfield>
  </marc:datafield>
  <marc:datafield tag="989" ind1=" " ind2=" ">
    <marc:subfield code="a">Documents and Publications</marc:subfield>
    <marc:subfield code="b">Meeting Records</marc:subfield>
    <marc:subfield code="c">Verbatim Records</marc:subfield>
  </marc:datafield>
  <marc:datafield tag="992" ind1=" " ind2=" ">
    <marc:subfield code="a">1979-11-06</marc:subfield>
  </marc:datafield>
  <marc:datafield tag="998" ind1=" " ind2=" ">
    <marc:subfield code="a">19961220000000</marc:subfield>
    <marc:subfield code="c">20201106103200</marc:subfield>
    <marc:subfield code="d">mocat</marc:subfield>
    <marc:subfield code="x">0x00010000c1bfd827</marc:subfield>
    <marc:subfield code="z">20201106153734</marc:subfield>
  </marc:datafield>
  <marc:datafield tag="999" ind1=" " ind2=" ">
    <marc:subfield code="a">mou20201106</marc:subfield>
    <marc:subfield code="b">20201106</marc:subfield>
    <marc:subfield code="c">u</marc:subfield>
  </marc:datafield>
  <marc:datafield tag="999" ind1=" " ind2=" ">
    <marc:subfield code="a">mmu20250218</marc:subfield>
    <marc:subfield code="b">20250218</marc:subfield>
    <marc:subfield code="c">u</marc:subfield>
  </marc:datafield>
</marc:record>
</metadata></record>