<record><header><identifier>oai:digitallibrary.un.org:9720</identifier><datestamp>2025-10-06T12:59:47Z</datestamp><setSpec>sanctions</setSpec></header><metadata><marc:record xmlns:marc="http://www.loc.gov/MARC21/slim" xmlns:xsi="http://www.w3.org/2001/XMLSchema-instance" xsi:schemaLocation="http://www.loc.gov/MARC21/slim http://www.loc.gov/standards/marcxml/schema/MARC21slim.xsd" type="Bibliographic">
     <marc:leader>02071nam\\2200589#\\4500</marc:leader>
  
  <marc:controlfield tag="001">9720</marc:controlfield>
  <marc:controlfield tag="005">20251006085947.0</marc:controlfield>
  <marc:controlfield tag="008">800425s1979\\\\usa\\\\\r\\\\\\\\\\\eng\u</marc:controlfield>
  <marc:datafield tag="029" ind1=" " ind2=" ">
    <marc:subfield code="a">JN</marc:subfield>
    <marc:subfield code="b">N7937332 E</marc:subfield>
  </marc:datafield>
  <marc:datafield tag="035" ind1=" " ind2=" ">
    <marc:subfield code="a">D72262X</marc:subfield>
    <marc:subfield code="z">D0008553</marc:subfield>
  </marc:datafield>
  <marc:datafield tag="035" ind1=" " ind2=" ">
    <marc:subfield code="a">(DHL)72262</marc:subfield>
  </marc:datafield>
  <marc:datafield tag="039" ind1=" " ind2=" ">
    <marc:subfield code="a">DHU</marc:subfield>
  </marc:datafield>
  <marc:datafield tag="040" ind1=" " ind2=" ">
    <marc:subfield code="a">NNUN</marc:subfield>
    <marc:subfield code="b">eng</marc:subfield>
  </marc:datafield>
  <marc:datafield tag="041" ind1=" " ind2=" ">
    <marc:subfield code="a">engarachifrerusspa</marc:subfield>
  </marc:datafield>
  <marc:datafield tag="049" ind1=" " ind2=" ">
    <marc:subfield code="a">usa</marc:subfield>
  </marc:datafield>
  <marc:datafield tag="089" ind1=" " ind2=" ">
    <marc:subfield code="a">Annual/sessional reports (UN)</marc:subfield>
    <marc:subfield code="b">B04</marc:subfield>
  </marc:datafield>
  <marc:datafield tag="091" ind1=" " ind2=" ">
    <marc:subfield code="a">gen</marc:subfield>
  </marc:datafield>
  <marc:datafield tag="099" ind1=" " ind2=" ">
    <marc:subfield code="a">UNH</marc:subfield>
    <marc:subfield code="b">DHU</marc:subfield>
  </marc:datafield>
  <marc:datafield tag="191" ind1=" " ind2=" ">
    <marc:subfield code="a">A/34/7/Add.16</marc:subfield>
    <marc:subfield code="b">A/</marc:subfield>
    <marc:subfield code="c">34</marc:subfield>
    <marc:subfield code="d">A/</marc:subfield>
    <marc:subfield code="e">34/7/Add.16</marc:subfield>
    <marc:subfield code="f">000038</marc:subfield>
    <marc:subfield code="q">A347ADD16</marc:subfield>
    <marc:subfield code="r">A34</marc:subfield>
    <marc:subfield code="0">(DHLAUTH)325989</marc:subfield>
  </marc:datafield>
  <marc:datafield tag="245" ind1="1" ind2="0">
    <marc:subfield code="a">Administrative and financial implications of draft resolutions A/34/L.21 to A/34/L.24, A/34/L.25/Rev.1, A/34/L.26 to A/34/L.28, A/34/L.29/Rev.1, A/34/L.30 to A/34/L.33, A/34/L.34/Rev.1, A/34/L.35 to A/34/L.37 and A/34/L.39 :</marc:subfield>
    <marc:subfield code="b">17th report of the Advisory Committee on Administrative and Budgetary Questions</marc:subfield>
  </marc:datafield>
  <marc:datafield tag="260" ind1=" " ind2=" ">
    <marc:subfield code="a">New York :</marc:subfield>
    <marc:subfield code="b">UN,</marc:subfield>
    <marc:subfield code="c">8 Dec. 1979</marc:subfield>
  </marc:datafield>
  <marc:datafield tag="269" ind1=" " ind2=" ">
    <marc:subfield code="a">1979-12-08</marc:subfield>
  </marc:datafield>
  <marc:datafield tag="300" ind1=" " ind2=" ">
    <marc:subfield code="a">10 p.</marc:subfield>
  </marc:datafield>
  <marc:datafield tag="610" ind1="2" ind2="7">
    <marc:subfield code="a">UN</marc:subfield>
    <marc:subfield code="g">BUDGET (1980-1981)</marc:subfield>
    <marc:subfield code="0">(DHLAUTH)328484</marc:subfield>
  </marc:datafield>
  <marc:datafield tag="610" ind1="2" ind2="7">
    <marc:subfield code="a">UN TRUST FUND FOR SOUTH AFRICA</marc:subfield>
    <marc:subfield code="g">BUDGET CONTRIBUTIONS.</marc:subfield>
    <marc:subfield code="0">(DHLAUTH)329186</marc:subfield>
  </marc:datafield>
  <marc:datafield tag="610" ind1="2" ind2="7">
    <marc:subfield code="a">UN. SPECIAL COMMITTEE AGAINST APARTHEID</marc:subfield>
    <marc:subfield code="g">WORK PROGRAMME.</marc:subfield>
    <marc:subfield code="0">(DHLAUTH)325937</marc:subfield>
  </marc:datafield>
  <marc:datafield tag="650" ind1="0" ind2="7">
    <marc:subfield code="a">ISRAEL</marc:subfield>
    <marc:subfield code="0">(DHLAUTH)268556</marc:subfield>
  </marc:datafield>
  <marc:datafield tag="650" ind1="0" ind2="7">
    <marc:subfield code="a">ARMS EMBARGO</marc:subfield>
    <marc:subfield code="0">(DHLAUTH)268736</marc:subfield>
  </marc:datafield>
  <marc:datafield tag="650" ind1="0" ind2="7">
    <marc:subfield code="a">FOREIGN INVESTMENTS</marc:subfield>
    <marc:subfield code="0">(DHLAUTH)269953</marc:subfield>
  </marc:datafield>
  <marc:datafield tag="650" ind1="0" ind2="7">
    <marc:subfield code="a">POLITICAL PRISONERS</marc:subfield>
    <marc:subfield code="0">(DHLAUTH)268473</marc:subfield>
  </marc:datafield>
  <marc:datafield tag="650" ind1="0" ind2="7">
    <marc:subfield code="a">PRISONER TREATMENT</marc:subfield>
    <marc:subfield code="0">(DHLAUTH)268492</marc:subfield>
  </marc:datafield>
  <marc:datafield tag="650" ind1="0" ind2="7">
    <marc:subfield code="a">SANCTIONS</marc:subfield>
    <marc:subfield code="0">(DHLAUTH)9840</marc:subfield>
  </marc:datafield>
  <marc:datafield tag="650" ind1="0" ind2="7">
    <marc:subfield code="a">SPORTS</marc:subfield>
    <marc:subfield code="0">(DHLAUTH)273712</marc:subfield>
  </marc:datafield>
  <marc:datafield tag="650" ind1="0" ind2="7">
    <marc:subfield code="a">SOUTH AFRICA</marc:subfield>
    <marc:subfield code="0">(DHLAUTH)9686</marc:subfield>
  </marc:datafield>
  <marc:datafield tag="650" ind1="0" ind2="7">
    <marc:subfield code="a">AID PROGRAMMES</marc:subfield>
    <marc:subfield code="0">(DHLAUTH)268916</marc:subfield>
  </marc:datafield>
  <marc:datafield tag="650" ind1="0" ind2="7">
    <marc:subfield code="a">APARTHEID</marc:subfield>
    <marc:subfield code="0">(DHLAUTH)268992</marc:subfield>
  </marc:datafield>
  <marc:datafield tag="650" ind1="0" ind2="7">
    <marc:subfield code="a">BANTUSTANS</marc:subfield>
    <marc:subfield code="0">(DHLAUTH)268995</marc:subfield>
  </marc:datafield>
  <marc:datafield tag="650" ind1="0" ind2="7">
    <marc:subfield code="a">CHILDREN</marc:subfield>
    <marc:subfield code="0">(DHLAUTH)269400</marc:subfield>
  </marc:datafield>
  <marc:datafield tag="650" ind1="0" ind2="7">
    <marc:subfield code="a">INFORMATION DISSEMINATION</marc:subfield>
    <marc:subfield code="0">(DHLAUTH)275051</marc:subfield>
  </marc:datafield>
  <marc:datafield tag="650" ind1="0" ind2="7">
    <marc:subfield code="a">MASS MEDIA</marc:subfield>
    <marc:subfield code="0">(DHLAUTH)272747</marc:subfield>
  </marc:datafield>
  <marc:datafield tag="650" ind1="0" ind2="7">
    <marc:subfield code="a">NATIONAL LIBERATION MOVEMENTS</marc:subfield>
    <marc:subfield code="0">(DHLAUTH)268431</marc:subfield>
  </marc:datafield>
  <marc:datafield tag="650" ind1="0" ind2="7">
    <marc:subfield code="a">NON-GOVERNMENTAL ORGANIZATIONS</marc:subfield>
    <marc:subfield code="0">(DHLAUTH)268665</marc:subfield>
  </marc:datafield>
  <marc:datafield tag="650" ind1="0" ind2="7">
    <marc:subfield code="a">NUCLEAR WEAPONS</marc:subfield>
    <marc:subfield code="0">(DHLAUTH)268852</marc:subfield>
  </marc:datafield>
  <marc:datafield tag="650" ind1="0" ind2="7">
    <marc:subfield code="a">WOMEN</marc:subfield>
    <marc:subfield code="0">(DHLAUTH)273032</marc:subfield>
  </marc:datafield>
  <marc:datafield tag="650" ind1="0" ind2="7">
    <marc:subfield code="a">FINANCIAL IMPLICATIONS</marc:subfield>
    <marc:subfield code="0">(DHLAUTH)275769</marc:subfield>
  </marc:datafield>
  <marc:datafield tag="650" ind1="0" ind2="7">
    <marc:subfield code="a">TREATIES</marc:subfield>
    <marc:subfield code="0">(DHLAUTH)9632</marc:subfield>
  </marc:datafield>
  <marc:datafield tag="650" ind1="0" ind2="7">
    <marc:subfield code="a">BUDGET</marc:subfield>
    <marc:subfield code="0">(DHLAUTH)270085</marc:subfield>
  </marc:datafield>
  <marc:datafield tag="650" ind1="0" ind2="7">
    <marc:subfield code="a">BUDGET CONTRIBUTIONS</marc:subfield>
    <marc:subfield code="0">(DHLAUTH)275750</marc:subfield>
  </marc:datafield>
  <marc:datafield tag="650" ind1="0" ind2="7">
    <marc:subfield code="a">WORK PROGRAMME</marc:subfield>
    <marc:subfield code="0">(DHLAUTH)275800</marc:subfield>
  </marc:datafield>
  <marc:datafield tag="710" ind1="2" ind2="0">
    <marc:subfield code="a">UN. Advisory Committee on Administrative and Budgetary Questions (1981 : New York)</marc:subfield>
    <marc:subfield code="0">(DHLAUTH)73143</marc:subfield>
  </marc:datafield>
  <marc:datafield tag="856" ind1="4" ind2=" ">
    <marc:subfield code="y">العربية</marc:subfield>
    <marc:subfield code="9">0b65548a-e252-44b4-a082-260a56008680</marc:subfield>
    <marc:subfield code="s">385000</marc:subfield>
    <marc:subfield code="u">https://digitallibrary.un.org/record/9720/files/A_34_7_Add.16-AR.pdf</marc:subfield>
  </marc:datafield>
  <marc:datafield tag="856" ind1="4" ind2=" ">
    <marc:subfield code="y">English</marc:subfield>
    <marc:subfield code="9">33a867f3-8837-4db8-a30e-ca5c8ba02d21</marc:subfield>
    <marc:subfield code="s">661440</marc:subfield>
    <marc:subfield code="u">https://digitallibrary.un.org/record/9720/files/A_34_7_Add.16-EN.pdf</marc:subfield>
  </marc:datafield>
  <marc:datafield tag="909" ind1="C" ind2="O">
    <marc:subfield code="o">oai:digitallibrary.un.org:9720</marc:subfield>
    <marc:subfield code="p">sanctions</marc:subfield>
  </marc:datafield>
  <marc:datafield tag="930" ind1=" " ind2=" ">
    <marc:subfield code="a">DIG</marc:subfield>
  </marc:datafield>
  <marc:datafield tag="930" ind1=" " ind2=" ">
    <marc:subfield code="a">UNDFEB80</marc:subfield>
  </marc:datafield>
  <marc:datafield tag="955" ind1=" " ind2=" ">
    <marc:subfield code="a">00027600</marc:subfield>
  </marc:datafield>
  <marc:datafield tag="980" ind1=" " ind2=" ">
    <marc:subfield code="a">BIB</marc:subfield>
  </marc:datafield>
  <marc:datafield tag="981" ind1=" " ind2=" ">
    <marc:subfield code="a">General Assembly</marc:subfield>
    <marc:subfield code="b">General Assembly Plenary</marc:subfield>
  </marc:datafield>
  <marc:datafield tag="989" ind1=" " ind2=" ">
    <marc:subfield code="a">Documents and Publications</marc:subfield>
    <marc:subfield code="b">Reports</marc:subfield>
    <marc:subfield code="c">Annual and Sessional Reports</marc:subfield>
  </marc:datafield>
  <marc:datafield tag="991" ind1="1" ind2=" ">
    <marc:subfield code="a">A/34/251</marc:subfield>
    <marc:subfield code="b">28</marc:subfield>
    <marc:subfield code="c">Policies of apartheid of the Government of South Africa.</marc:subfield>
    <marc:subfield code="0">(DHLAUTH)328638</marc:subfield>
  </marc:datafield>
  <marc:datafield tag="991" ind1="1" ind2=" ">
    <marc:subfield code="a">A/34/251</marc:subfield>
    <marc:subfield code="b">98</marc:subfield>
    <marc:subfield code="c">Proposed programme budget for the biennium 1980-1981.</marc:subfield>
    <marc:subfield code="0">(DHLAUTH)328485</marc:subfield>
  </marc:datafield>
  <marc:datafield tag="998" ind1=" " ind2=" ">
    <marc:subfield code="a">19961220000000</marc:subfield>
    <marc:subfield code="c">20141111134800</marc:subfield>
    <marc:subfield code="d">amcat</marc:subfield>
    <marc:subfield code="x">0x00010000ac82be40</marc:subfield>
    <marc:subfield code="z">20200214213955</marc:subfield>
  </marc:datafield>
  <marc:datafield tag="999" ind1=" " ind2=" ">
    <marc:subfield code="a">rgu20140506</marc:subfield>
    <marc:subfield code="b">20140506</marc:subfield>
    <marc:subfield code="c">u</marc:subfield>
  </marc:datafield>
</marc:record>
</metadata></record>