<record><header><identifier>oai:digitallibrary.un.org:10215</identifier><datestamp>2026-03-23T18:28:38Z</datestamp><setSpec>sanctions</setSpec></header><metadata><marc:record xmlns:marc="http://www.loc.gov/MARC21/slim" xmlns:xsi="http://www.w3.org/2001/XMLSchema-instance" xsi:schemaLocation="http://www.loc.gov/MARC21/slim http://www.loc.gov/standards/marcxml/schema/MARC21slim.xsd" type="Bibliographic">
     <marc:leader>01685nam a2200589#  4500961220961220</marc:leader>
  
  <marc:controlfield tag="001">10215</marc:controlfield>
  <marc:controlfield tag="005">20260323142838.0</marc:controlfield>
  <marc:controlfield tag="008">800428s1979    usa     r           eng u</marc:controlfield>
  <marc:datafield tag="029" ind1=" " ind2=" ">
    <marc:subfield code="a">JN</marc:subfield>
    <marc:subfield code="b">N7959196 E</marc:subfield>
  </marc:datafield>
  <marc:datafield tag="035" ind1=" " ind2=" ">
    <marc:subfield code="a">D73055X</marc:subfield>
    <marc:subfield code="z">D0009058</marc:subfield>
  </marc:datafield>
  <marc:datafield tag="035" ind1=" " ind2=" ">
    <marc:subfield code="a">(DHL)73055</marc:subfield>
  </marc:datafield>
  <marc:datafield tag="039" ind1=" " ind2=" ">
    <marc:subfield code="a">DHU</marc:subfield>
  </marc:datafield>
  <marc:datafield tag="040" ind1=" " ind2=" ">
    <marc:subfield code="a">NNUN</marc:subfield>
    <marc:subfield code="b">eng</marc:subfield>
  </marc:datafield>
  <marc:datafield tag="041" ind1=" " ind2=" ">
    <marc:subfield code="a">engfrerusspa</marc:subfield>
  </marc:datafield>
  <marc:datafield tag="049" ind1=" " ind2=" ">
    <marc:subfield code="a">usa</marc:subfield>
  </marc:datafield>
  <marc:datafield tag="089" ind1=" " ind2=" ">
    <marc:subfield code="a">Meeting records (UN)</marc:subfield>
    <marc:subfield code="b">B03</marc:subfield>
  </marc:datafield>
  <marc:datafield tag="089" ind1=" " ind2=" ">
    <marc:subfield code="a">Voting (UN)</marc:subfield>
    <marc:subfield code="b">B07</marc:subfield>
  </marc:datafield>
  <marc:datafield tag="091" ind1=" " ind2=" ">
    <marc:subfield code="a">gen</marc:subfield>
  </marc:datafield>
  <marc:datafield tag="099" ind1=" " ind2=" ">
    <marc:subfield code="a">UNH</marc:subfield>
    <marc:subfield code="b">DHU</marc:subfield>
  </marc:datafield>
  <marc:datafield tag="191" ind1=" " ind2=" ">
    <marc:subfield code="a">A/C.5/34/SR.76</marc:subfield>
    <marc:subfield code="b">A/</marc:subfield>
    <marc:subfield code="c">34</marc:subfield>
    <marc:subfield code="d">A/C.5/</marc:subfield>
    <marc:subfield code="e">34/SR.76</marc:subfield>
    <marc:subfield code="q">AC534SR76</marc:subfield>
    <marc:subfield code="r">A34</marc:subfield>
    <marc:subfield code="0">(DHLAUTH)325989</marc:subfield>
  </marc:datafield>
  <marc:datafield tag="245" ind1="1" ind2="0">
    <marc:subfield code="a">General Assembly official records, 34th session :</marc:subfield>
    <marc:subfield code="b">5th Committee, 76th meeting, Tuesday, 11 December 1979, New York</marc:subfield>
  </marc:datafield>
  <marc:datafield tag="260" ind1=" " ind2=" ">
    <marc:subfield code="a">New York :</marc:subfield>
    <marc:subfield code="b">UN,</marc:subfield>
    <marc:subfield code="c">14 Dec. 1979</marc:subfield>
  </marc:datafield>
  <marc:datafield tag="269" ind1=" " ind2=" ">
    <marc:subfield code="a">1979-12-14</marc:subfield>
  </marc:datafield>
  <marc:datafield tag="300" ind1=" " ind2=" ">
    <marc:subfield code="a">15 p.</marc:subfield>
  </marc:datafield>
  <marc:datafield tag="495" ind1=" " ind2=" ">
    <marc:subfield code="a">GAOR, 34th sess., 5th Committee</marc:subfield>
  </marc:datafield>
  <marc:datafield tag="610" ind1="2" ind2="7">
    <marc:subfield code="a">UN</marc:subfield>
    <marc:subfield code="g">BUDGET (1980-1981)</marc:subfield>
    <marc:subfield code="0">(DHLAUTH)328484</marc:subfield>
  </marc:datafield>
  <marc:datafield tag="610" ind1="2" ind2="7">
    <marc:subfield code="a">UN TRUST FUND FOR SOUTH AFRICA</marc:subfield>
    <marc:subfield code="g">BUDGET CONTRIBUTIONS.</marc:subfield>
    <marc:subfield code="0">(DHLAUTH)329186</marc:subfield>
  </marc:datafield>
  <marc:datafield tag="610" ind1="2" ind2="7">
    <marc:subfield code="a">UN. SPECIAL COMMITTEE AGAINST APARTHEID</marc:subfield>
    <marc:subfield code="g">WORK PROGRAMME.</marc:subfield>
    <marc:subfield code="0">(DHLAUTH)325937</marc:subfield>
  </marc:datafield>
  <marc:datafield tag="610" ind1="2" ind2="7">
    <marc:subfield code="a">UNIDO. General Conference</marc:subfield>
    <marc:subfield code="0">(DHLAUTH)102274</marc:subfield>
  </marc:datafield>
  <marc:datafield tag="610" ind1="2" ind2="7">
    <marc:subfield code="a">UN Trust Fund for South Africa</marc:subfield>
    <marc:subfield code="0">(DHLAUTH)53083</marc:subfield>
  </marc:datafield>
  <marc:datafield tag="650" ind1="0" ind2="7">
    <marc:subfield code="a">AID PROGRAMMES</marc:subfield>
    <marc:subfield code="0">(DHLAUTH)268916</marc:subfield>
  </marc:datafield>
  <marc:datafield tag="650" ind1="0" ind2="7">
    <marc:subfield code="a">APARTHEID</marc:subfield>
    <marc:subfield code="0">(DHLAUTH)268992</marc:subfield>
  </marc:datafield>
  <marc:datafield tag="650" ind1="0" ind2="7">
    <marc:subfield code="a">ARMS EMBARGO</marc:subfield>
    <marc:subfield code="0">(DHLAUTH)268736</marc:subfield>
  </marc:datafield>
  <marc:datafield tag="650" ind1="0" ind2="7">
    <marc:subfield code="a">BANTUSTANS</marc:subfield>
    <marc:subfield code="0">(DHLAUTH)268995</marc:subfield>
  </marc:datafield>
  <marc:datafield tag="650" ind1="0" ind2="7">
    <marc:subfield code="a">CHILDREN</marc:subfield>
    <marc:subfield code="0">(DHLAUTH)269400</marc:subfield>
  </marc:datafield>
  <marc:datafield tag="650" ind1="0" ind2="7">
    <marc:subfield code="a">FOREIGN INVESTMENTS</marc:subfield>
    <marc:subfield code="0">(DHLAUTH)269953</marc:subfield>
  </marc:datafield>
  <marc:datafield tag="650" ind1="0" ind2="7">
    <marc:subfield code="a">INFORMATION DISSEMINATION</marc:subfield>
    <marc:subfield code="0">(DHLAUTH)275051</marc:subfield>
  </marc:datafield>
  <marc:datafield tag="650" ind1="0" ind2="7">
    <marc:subfield code="a">ISRAEL</marc:subfield>
    <marc:subfield code="0">(DHLAUTH)268556</marc:subfield>
  </marc:datafield>
  <marc:datafield tag="650" ind1="0" ind2="7">
    <marc:subfield code="a">MASS MEDIA</marc:subfield>
    <marc:subfield code="0">(DHLAUTH)272747</marc:subfield>
  </marc:datafield>
  <marc:datafield tag="650" ind1="0" ind2="7">
    <marc:subfield code="a">NATIONAL LIBERATION MOVEMENTS</marc:subfield>
    <marc:subfield code="0">(DHLAUTH)268431</marc:subfield>
  </marc:datafield>
  <marc:datafield tag="650" ind1="0" ind2="7">
    <marc:subfield code="a">NON-GOVERNMENTAL ORGANIZATIONS</marc:subfield>
    <marc:subfield code="0">(DHLAUTH)268665</marc:subfield>
  </marc:datafield>
  <marc:datafield tag="650" ind1="0" ind2="7">
    <marc:subfield code="a">NUCLEAR WEAPONS</marc:subfield>
    <marc:subfield code="0">(DHLAUTH)268852</marc:subfield>
  </marc:datafield>
  <marc:datafield tag="650" ind1="0" ind2="7">
    <marc:subfield code="a">OIL EMBARGO</marc:subfield>
    <marc:subfield code="0">(DHLAUTH)12716</marc:subfield>
  </marc:datafield>
  <marc:datafield tag="650" ind1="0" ind2="7">
    <marc:subfield code="a">POLITICAL PRISONERS</marc:subfield>
    <marc:subfield code="0">(DHLAUTH)268473</marc:subfield>
  </marc:datafield>
  <marc:datafield tag="650" ind1="0" ind2="7">
    <marc:subfield code="a">PRISONER TREATMENT</marc:subfield>
    <marc:subfield code="0">(DHLAUTH)268492</marc:subfield>
  </marc:datafield>
  <marc:datafield tag="650" ind1="0" ind2="7">
    <marc:subfield code="a">SANCTIONS</marc:subfield>
    <marc:subfield code="0">(DHLAUTH)9840</marc:subfield>
  </marc:datafield>
  <marc:datafield tag="650" ind1="0" ind2="7">
    <marc:subfield code="a">SOUTH AFRICA</marc:subfield>
    <marc:subfield code="0">(DHLAUTH)9686</marc:subfield>
  </marc:datafield>
  <marc:datafield tag="650" ind1="0" ind2="7">
    <marc:subfield code="a">SPORTS</marc:subfield>
    <marc:subfield code="0">(DHLAUTH)273712</marc:subfield>
  </marc:datafield>
  <marc:datafield tag="650" ind1="0" ind2="7">
    <marc:subfield code="a">WOMEN</marc:subfield>
    <marc:subfield code="0">(DHLAUTH)273032</marc:subfield>
  </marc:datafield>
  <marc:datafield tag="650" ind1="0" ind2="7">
    <marc:subfield code="a">FINANCIAL IMPLICATIONS</marc:subfield>
    <marc:subfield code="0">(DHLAUTH)275769</marc:subfield>
  </marc:datafield>
  <marc:datafield tag="650" ind1="0" ind2="7">
    <marc:subfield code="a">TREATIES</marc:subfield>
    <marc:subfield code="0">(DHLAUTH)9632</marc:subfield>
  </marc:datafield>
  <marc:datafield tag="650" ind1="0" ind2="7">
    <marc:subfield code="a">DECLARATIONS</marc:subfield>
    <marc:subfield code="0">(DHLAUTH)275831</marc:subfield>
  </marc:datafield>
  <marc:datafield tag="856" ind1="4" ind2=" ">
    <marc:subfield code="u">https://digitallibrary.un.org/record/10215/files/A_C.5_34_SR.76-EN.pdf</marc:subfield>
    <marc:subfield code="y">English</marc:subfield>
    <marc:subfield code="9">b0cef2ff-72d9-4244-bdbf-b2bdc0ece1d8</marc:subfield>
    <marc:subfield code="s">846846</marc:subfield>
  </marc:datafield>
  <marc:datafield tag="856" ind1="4" ind2=" ">
    <marc:subfield code="u">https://digitallibrary.un.org/record/10215/files/A_C.5_34_SR.76-FR.pdf</marc:subfield>
    <marc:subfield code="y">Français</marc:subfield>
    <marc:subfield code="9">4f5a8e06-d528-4e8e-8e99-0bbdb71578b8</marc:subfield>
    <marc:subfield code="s">443651</marc:subfield>
  </marc:datafield>
  <marc:datafield tag="856" ind1="4" ind2=" ">
    <marc:subfield code="u">https://digitallibrary.un.org/record/10215/files/A_C.5_34_SR.76-RU.pdf</marc:subfield>
    <marc:subfield code="y">Русский</marc:subfield>
    <marc:subfield code="9">2c3b338e-26f9-46c2-b576-7972a971f5db</marc:subfield>
    <marc:subfield code="s">1067353</marc:subfield>
  </marc:datafield>
  <marc:datafield tag="856" ind1="4" ind2=" ">
    <marc:subfield code="u">https://digitallibrary.un.org/record/10215/files/A_C.5_34_SR.76-ES.pdf</marc:subfield>
    <marc:subfield code="y">Español</marc:subfield>
    <marc:subfield code="9">9439a475-287c-4b01-a535-3293c0d066f8</marc:subfield>
    <marc:subfield code="s">1258508</marc:subfield>
  </marc:datafield>
  <marc:datafield tag="909" ind1="C" ind2="O">
    <marc:subfield code="o">oai:digitallibrary.un.org:10215</marc:subfield>
    <marc:subfield code="p">sanctions</marc:subfield>
  </marc:datafield>
  <marc:datafield tag="930" ind1=" " ind2=" ">
    <marc:subfield code="a">UNDFEB80</marc:subfield>
  </marc:datafield>
  <marc:datafield tag="930" ind1=" " ind2=" ">
    <marc:subfield code="a">DIG</marc:subfield>
  </marc:datafield>
  <marc:datafield tag="949" ind1=" " ind2=" ">
    <marc:subfield code="9">A/C.5/34/SR.76</marc:subfield>
    <marc:subfield code="b">mq99862</marc:subfield>
    <marc:subfield code="i">99862</marc:subfield>
    <marc:subfield code="k">unes</marc:subfield>
    <marc:subfield code="l">DHL</marc:subfield>
    <marc:subfield code="z">i</marc:subfield>
    <marc:subfield code="m">vcirc</marc:subfield>
    <marc:subfield code="d">19961230000000</marc:subfield>
  </marc:datafield>
  <marc:datafield tag="955" ind1=" " ind2=" ">
    <marc:subfield code="a">04520100</marc:subfield>
  </marc:datafield>
  <marc:datafield tag="980" ind1=" " ind2=" ">
    <marc:subfield code="a">BIB</marc:subfield>
  </marc:datafield>
  <marc:datafield tag="981" ind1=" " ind2=" ">
    <marc:subfield code="a">General Assembly</marc:subfield>
    <marc:subfield code="b">5th Committee</marc:subfield>
  </marc:datafield>
  <marc:datafield tag="989" ind1=" " ind2=" ">
    <marc:subfield code="a">Documents and Publications</marc:subfield>
    <marc:subfield code="b">Meeting Records</marc:subfield>
    <marc:subfield code="c">Summary Records</marc:subfield>
  </marc:datafield>
  <marc:datafield tag="992" ind1=" " ind2=" ">
    <marc:subfield code="a">1979-12-11</marc:subfield>
  </marc:datafield>
  <marc:datafield tag="998" ind1=" " ind2=" ">
    <marc:subfield code="a">19961220000000</marc:subfield>
    <marc:subfield code="c">20220712113900</marc:subfield>
    <marc:subfield code="d">arcat</marc:subfield>
    <marc:subfield code="x">0x00010000c76c2d48</marc:subfield>
    <marc:subfield code="z">20220712154131</marc:subfield>
  </marc:datafield>
  <marc:datafield tag="999" ind1=" " ind2=" ">
    <marc:subfield code="a">mou20200205</marc:subfield>
    <marc:subfield code="b">20200205</marc:subfield>
    <marc:subfield code="c">u</marc:subfield>
  </marc:datafield>
  <marc:datafield tag="999" ind1=" " ind2=" ">
    <marc:subfield code="a">gbu20150715</marc:subfield>
    <marc:subfield code="b">20150715</marc:subfield>
    <marc:subfield code="c">u</marc:subfield>
  </marc:datafield>
  <marc:datafield tag="999" ind1=" " ind2=" ">
    <marc:subfield code="a">aru20220712</marc:subfield>
    <marc:subfield code="b">20220712</marc:subfield>
    <marc:subfield code="c">u</marc:subfield>
  </marc:datafield>
</marc:record>
</metadata></record>