<record><header><identifier>oai:digitallibrary.un.org:10489</identifier><datestamp>2025-10-06T12:59:47Z</datestamp><setSpec>sanctions</setSpec></header><metadata><marc:record xmlns:marc="http://www.loc.gov/MARC21/slim" xmlns:xsi="http://www.w3.org/2001/XMLSchema-instance" xsi:schemaLocation="http://www.loc.gov/MARC21/slim http://www.loc.gov/standards/marcxml/schema/MARC21slim.xsd" type="Bibliographic">
     <marc:leader>01252cam  2200397#  450</marc:leader>
  
  <marc:controlfield tag="001">10489</marc:controlfield>
  <marc:controlfield tag="005">20251006085947.0</marc:controlfield>
  <marc:controlfield tag="008">800428s1983    usa     r           eng u</marc:controlfield>
  <marc:datafield tag="029" ind1=" " ind2=" ">
    <marc:subfield code="a">JN</marc:subfield>
    <marc:subfield code="b">NL790073 E</marc:subfield>
  </marc:datafield>
  <marc:datafield tag="035" ind1=" " ind2=" ">
    <marc:subfield code="a">D73528X</marc:subfield>
    <marc:subfield code="z">D0009334</marc:subfield>
  </marc:datafield>
  <marc:datafield tag="035" ind1=" " ind2=" ">
    <marc:subfield code="a">(DHL)73528</marc:subfield>
  </marc:datafield>
  <marc:datafield tag="039" ind1=" " ind2=" ">
    <marc:subfield code="a">DHU</marc:subfield>
  </marc:datafield>
  <marc:datafield tag="040" ind1=" " ind2=" ">
    <marc:subfield code="a">NNUN</marc:subfield>
    <marc:subfield code="b">eng</marc:subfield>
  </marc:datafield>
  <marc:datafield tag="041" ind1=" " ind2=" ">
    <marc:subfield code="a">engchifrerusspa</marc:subfield>
  </marc:datafield>
  <marc:datafield tag="049" ind1=" " ind2=" ">
    <marc:subfield code="a">usa</marc:subfield>
  </marc:datafield>
  <marc:datafield tag="089" ind1=" " ind2=" ">
    <marc:subfield code="a">Meeting records (UN)</marc:subfield>
    <marc:subfield code="b">B03</marc:subfield>
  </marc:datafield>
  <marc:datafield tag="089" ind1=" " ind2=" ">
    <marc:subfield code="a">Voting (UN)</marc:subfield>
    <marc:subfield code="b">B07</marc:subfield>
  </marc:datafield>
  <marc:datafield tag="091" ind1=" " ind2=" ">
    <marc:subfield code="a">gen</marc:subfield>
  </marc:datafield>
  <marc:datafield tag="099" ind1=" " ind2=" ">
    <marc:subfield code="a">UNH</marc:subfield>
    <marc:subfield code="b">DHU</marc:subfield>
    <marc:subfield code="c">UNS(01)/R3</marc:subfield>
    <marc:subfield code="q">UNS01R3</marc:subfield>
  </marc:datafield>
  <marc:datafield tag="191" ind1=" " ind2=" ">
    <marc:subfield code="a">S/PV.2181</marc:subfield>
    <marc:subfield code="b">S/</marc:subfield>
    <marc:subfield code="c">34</marc:subfield>
    <marc:subfield code="d">S/</marc:subfield>
    <marc:subfield code="e">PV.2181</marc:subfield>
    <marc:subfield code="q">SPV2181</marc:subfield>
    <marc:subfield code="r">S34</marc:subfield>
    <marc:subfield code="0">(DHLAUTH)326240</marc:subfield>
  </marc:datafield>
  <marc:datafield tag="245" ind1="1" ind2="0">
    <marc:subfield code="a">Security Council official records, 34th year :</marc:subfield>
    <marc:subfield code="b">2181st meeting, 21 December 1979, New York.</marc:subfield>
  </marc:datafield>
  <marc:datafield tag="260" ind1=" " ind2=" ">
    <marc:subfield code="a">New York :</marc:subfield>
    <marc:subfield code="b">UN,</marc:subfield>
    <marc:subfield code="c">Oct. 1983</marc:subfield>
  </marc:datafield>
  <marc:datafield tag="269" ind1=" " ind2=" ">
    <marc:subfield code="a">1983-10</marc:subfield>
  </marc:datafield>
  <marc:datafield tag="300" ind1=" " ind2=" ">
    <marc:subfield code="a">25 p.</marc:subfield>
  </marc:datafield>
  <marc:datafield tag="598" ind1=" " ind2=" ">
    <marc:subfield code="a">At the 2181st meeting, draft resolution S/13699, on the termination of sanctions against Southern Rhodesia was adopted 13-0-2 as resolution 460 (1979)</marc:subfield>
  </marc:datafield>
  <marc:datafield tag="610" ind1="2" ind2="7">
    <marc:subfield code="a">UN. SECURITY COUNCIL COMMITTEE ESTABLISHED IN PURSUANCE OF RESOLUTION 253 (1968) CONCERNING THE QUESTION OF SOUTHERN RHODESIA</marc:subfield>
    <marc:subfield code="g">DISSOLUTION.</marc:subfield>
    <marc:subfield code="0">(DHLAUTH)333162</marc:subfield>
  </marc:datafield>
  <marc:datafield tag="650" ind1="0" ind2="7">
    <marc:subfield code="a">ECONOMIC ASSISTANCE</marc:subfield>
    <marc:subfield code="0">(DHLAUTH)268917</marc:subfield>
  </marc:datafield>
  <marc:datafield tag="650" ind1="0" ind2="7">
    <marc:subfield code="a">REFUGEE ASSISTANCE</marc:subfield>
    <marc:subfield code="0">(DHLAUTH)274385</marc:subfield>
  </marc:datafield>
  <marc:datafield tag="650" ind1="0" ind2="7">
    <marc:subfield code="a">REPATRIATION</marc:subfield>
    <marc:subfield code="0">(DHLAUTH)273009</marc:subfield>
  </marc:datafield>
  <marc:datafield tag="650" ind1="0" ind2="7">
    <marc:subfield code="a">SOUTHERN RHODESIA QUESTION</marc:subfield>
    <marc:subfield code="0">(DHLAUTH)269020</marc:subfield>
  </marc:datafield>
  <marc:datafield tag="650" ind1="0" ind2="7">
    <marc:subfield code="a">ZIMBABWE</marc:subfield>
    <marc:subfield code="0">(DHLAUTH)269088</marc:subfield>
  </marc:datafield>
  <marc:datafield tag="650" ind1="0" ind2="7">
    <marc:subfield code="a">ZIMBABWEAN REFUGEES</marc:subfield>
    <marc:subfield code="0">(DHLAUTH)269086</marc:subfield>
  </marc:datafield>
  <marc:datafield tag="856" ind1="4" ind2=" ">
    <marc:subfield code="y">English</marc:subfield>
    <marc:subfield code="9">b9f3dd82-0121-462c-bfc8-08cf52963542</marc:subfield>
    <marc:subfield code="s">3898421</marc:subfield>
    <marc:subfield code="u">https://digitallibrary.un.org/record/10489/files/S_PV-2181-EN.pdf</marc:subfield>
  </marc:datafield>
  <marc:datafield tag="856" ind1="4" ind2=" ">
    <marc:subfield code="y">Español</marc:subfield>
    <marc:subfield code="9">e6088b40-8f49-423e-b7a1-c78cb6a73b25</marc:subfield>
    <marc:subfield code="s">6670148</marc:subfield>
    <marc:subfield code="u">https://digitallibrary.un.org/record/10489/files/S_PV-2181-ES.pdf</marc:subfield>
  </marc:datafield>
  <marc:datafield tag="856" ind1="4" ind2=" ">
    <marc:subfield code="y">Français</marc:subfield>
    <marc:subfield code="9">2d38a5cd-5a61-4e1c-9326-c09b2860777b</marc:subfield>
    <marc:subfield code="s">11733217</marc:subfield>
    <marc:subfield code="u">https://digitallibrary.un.org/record/10489/files/S_PV-2181-FR.pdf</marc:subfield>
  </marc:datafield>
  <marc:datafield tag="856" ind1="4" ind2=" ">
    <marc:subfield code="y">Русский</marc:subfield>
    <marc:subfield code="9">18328262-bb12-4e8a-9a27-304bb01117b4</marc:subfield>
    <marc:subfield code="s">3937297</marc:subfield>
    <marc:subfield code="u">https://digitallibrary.un.org/record/10489/files/S_PV-2181-RU.pdf</marc:subfield>
  </marc:datafield>
  <marc:datafield tag="856" ind1="4" ind2=" ">
    <marc:subfield code="y">中文</marc:subfield>
    <marc:subfield code="9">97273dc6-9487-48f2-ab39-f1ac2de5f3f2</marc:subfield>
    <marc:subfield code="s">4360488</marc:subfield>
    <marc:subfield code="u">https://digitallibrary.un.org/record/10489/files/S_PV-2181-ZH.pdf</marc:subfield>
  </marc:datafield>
  <marc:datafield tag="909" ind1="C" ind2="O">
    <marc:subfield code="o">oai:digitallibrary.un.org:10489</marc:subfield>
    <marc:subfield code="p">sanctions</marc:subfield>
  </marc:datafield>
  <marc:datafield tag="930" ind1=" " ind2=" ">
    <marc:subfield code="a">DIG</marc:subfield>
  </marc:datafield>
  <marc:datafield tag="930" ind1=" " ind2=" ">
    <marc:subfield code="a">UNDFEB80</marc:subfield>
  </marc:datafield>
  <marc:datafield tag="949" ind1=" " ind2=" ">
    <marc:subfield code="9">S/PV.2181</marc:subfield>
    <marc:subfield code="b">mq100432</marc:subfield>
    <marc:subfield code="i">100432</marc:subfield>
    <marc:subfield code="k">unes</marc:subfield>
    <marc:subfield code="l">DHL</marc:subfield>
    <marc:subfield code="z">i</marc:subfield>
    <marc:subfield code="m">vcirc</marc:subfield>
    <marc:subfield code="d">19961229190000</marc:subfield>
  </marc:datafield>
  <marc:datafield tag="955" ind1=" " ind2=" ">
    <marc:subfield code="a">17150600</marc:subfield>
  </marc:datafield>
  <marc:datafield tag="980" ind1=" " ind2=" ">
    <marc:subfield code="a">BIB</marc:subfield>
  </marc:datafield>
  <marc:datafield tag="981" ind1=" " ind2=" ">
    <marc:subfield code="a">Security Council</marc:subfield>
  </marc:datafield>
  <marc:datafield tag="989" ind1=" " ind2=" ">
    <marc:subfield code="a">Documents and Publications</marc:subfield>
    <marc:subfield code="b">Meeting Records</marc:subfield>
    <marc:subfield code="c">Verbatim Records</marc:subfield>
  </marc:datafield>
  <marc:datafield tag="991" ind1="3" ind2=" ">
    <marc:subfield code="a">S/</marc:subfield>
    <marc:subfield code="b">X</marc:subfield>
    <marc:subfield code="c">Question concerning the situation in Southern Rhodesia.</marc:subfield>
    <marc:subfield code="0">(DHLAUTH)940405</marc:subfield>
  </marc:datafield>
  <marc:datafield tag="992" ind1=" " ind2=" ">
    <marc:subfield code="a">1979-12-21</marc:subfield>
  </marc:datafield>
  <marc:datafield tag="998" ind1=" " ind2=" ">
    <marc:subfield code="a">19961220000000</marc:subfield>
    <marc:subfield code="c">20180605133200</marc:subfield>
    <marc:subfield code="d">bccat</marc:subfield>
    <marc:subfield code="x">0x00010000ba872e69</marc:subfield>
    <marc:subfield code="z">20200214213955</marc:subfield>
  </marc:datafield>
  <marc:datafield tag="999" ind1=" " ind2=" ">
    <marc:subfield code="a">eno20040309</marc:subfield>
    <marc:subfield code="b">20040309</marc:subfield>
    <marc:subfield code="c">o</marc:subfield>
  </marc:datafield>
  <marc:datafield tag="999" ind1=" " ind2=" ">
    <marc:subfield code="a">bcu20180506</marc:subfield>
    <marc:subfield code="b">20180506</marc:subfield>
    <marc:subfield code="c">u</marc:subfield>
  </marc:datafield>
  <marc:datafield tag="999" ind1=" " ind2=" ">
    <marc:subfield code="a">jmo20040301</marc:subfield>
    <marc:subfield code="b">20040301</marc:subfield>
    <marc:subfield code="c">o</marc:subfield>
  </marc:datafield>
  <marc:datafield tag="999" ind1=" " ind2=" ">
    <marc:subfield code="a">bbo20040227</marc:subfield>
    <marc:subfield code="b">20040227</marc:subfield>
    <marc:subfield code="c">o</marc:subfield>
  </marc:datafield>
  <marc:datafield tag="999" ind1=" " ind2=" ">
    <marc:subfield code="a">chu20060622</marc:subfield>
    <marc:subfield code="b">20060622</marc:subfield>
    <marc:subfield code="c">u</marc:subfield>
  </marc:datafield>
</marc:record>
</metadata></record>