<record><header><identifier>oai:digitallibrary.un.org:10494</identifier><datestamp>2025-10-06T12:59:47Z</datestamp><setSpec>sanctions</setSpec></header><metadata><marc:record xmlns:marc="http://www.loc.gov/MARC21/slim" xmlns:xsi="http://www.w3.org/2001/XMLSchema-instance" xsi:schemaLocation="http://www.loc.gov/MARC21/slim http://www.loc.gov/standards/marcxml/schema/MARC21slim.xsd" type="Bibliographic">
     <marc:leader>02442cam a2200529#  4500</marc:leader>
  
  <marc:controlfield tag="001">10494</marc:controlfield>
  <marc:controlfield tag="005">20251006085947.0</marc:controlfield>
  <marc:controlfield tag="008">800428s1979    usa     r           eng u</marc:controlfield>
  <marc:datafield tag="029" ind1=" " ind2=" ">
    <marc:subfield code="a">JN</marc:subfield>
    <marc:subfield code="b">NR037074 E</marc:subfield>
  </marc:datafield>
  <marc:datafield tag="035" ind1=" " ind2=" ">
    <marc:subfield code="a">D73533X</marc:subfield>
    <marc:subfield code="z">D0009339</marc:subfield>
  </marc:datafield>
  <marc:datafield tag="035" ind1=" " ind2=" ">
    <marc:subfield code="a">(DHL)73533</marc:subfield>
  </marc:datafield>
  <marc:datafield tag="039" ind1=" " ind2=" ">
    <marc:subfield code="a">DHU</marc:subfield>
  </marc:datafield>
  <marc:datafield tag="040" ind1=" " ind2=" ">
    <marc:subfield code="a">NNUN</marc:subfield>
    <marc:subfield code="b">eng</marc:subfield>
  </marc:datafield>
  <marc:datafield tag="041" ind1=" " ind2=" ">
    <marc:subfield code="a">chiengfregerrusspa</marc:subfield>
  </marc:datafield>
  <marc:datafield tag="049" ind1=" " ind2=" ">
    <marc:subfield code="a">usa</marc:subfield>
  </marc:datafield>
  <marc:datafield tag="089" ind1=" " ind2=" ">
    <marc:subfield code="a">Resolutions and decisions (UN)</marc:subfield>
    <marc:subfield code="b">B01</marc:subfield>
  </marc:datafield>
  <marc:datafield tag="091" ind1=" " ind2=" ">
    <marc:subfield code="a">GEN</marc:subfield>
  </marc:datafield>
  <marc:datafield tag="099" ind1=" " ind2=" ">
    <marc:subfield code="a">UNH</marc:subfield>
    <marc:subfield code="b">DHU</marc:subfield>
    <marc:subfield code="c">UNS(01)/R3</marc:subfield>
    <marc:subfield code="q">UNS01R3</marc:subfield>
  </marc:datafield>
  <marc:datafield tag="191" ind1=" " ind2=" ">
    <marc:subfield code="a">S/RES/460(1979)</marc:subfield>
    <marc:subfield code="b">S/</marc:subfield>
    <marc:subfield code="c">34</marc:subfield>
    <marc:subfield code="d">S/</marc:subfield>
    <marc:subfield code="e">RES/460(1979)</marc:subfield>
    <marc:subfield code="f">000460</marc:subfield>
    <marc:subfield code="q">SRES4601979</marc:subfield>
    <marc:subfield code="q">SRES460</marc:subfield>
    <marc:subfield code="r">S34</marc:subfield>
    <marc:subfield code="0">(DHLAUTH)326240</marc:subfield>
  </marc:datafield>
  <marc:datafield tag="239" ind1="1" ind2="0">
    <marc:subfield code="a">Security Council resolution 460 (1979) [on the termination of sanctions against Southern Rhodesia]</marc:subfield>
  </marc:datafield>
  <marc:datafield tag="245" ind1="0" ind2="0">
    <marc:subfield code="a">Resolution 460 (1979) /</marc:subfield>
    <marc:subfield code="c">adopted by the Security Council at its 2181st meeting, on 21 December 1979.</marc:subfield>
  </marc:datafield>
  <marc:datafield tag="260" ind1=" " ind2=" ">
    <marc:subfield code="a">New York :</marc:subfield>
    <marc:subfield code="b">UN,</marc:subfield>
    <marc:subfield code="c">21 Dec. 1979.</marc:subfield>
  </marc:datafield>
  <marc:datafield tag="269" ind1=" " ind2=" ">
    <marc:subfield code="a">1979-12-21</marc:subfield>
  </marc:datafield>
  <marc:datafield tag="300" ind1=" " ind2=" ">
    <marc:subfield code="a">2 p.</marc:subfield>
  </marc:datafield>
  <marc:datafield tag="500" ind1=" " ind2=" ">
    <marc:subfield code="a">Decides to terminate sanctions against Southern Rhodesia.</marc:subfield>
  </marc:datafield>
  <marc:datafield tag="580" ind1=" " ind2=" ">
    <marc:subfield code="a">In: Resolutions and decisions of the Security Council, 1979. - S/INF/35. - 1980. - p. 15-16. - (SCOR, 34th year).</marc:subfield>
  </marc:datafield>
  <marc:datafield tag="610" ind1="2" ind2="7">
    <marc:subfield code="a">UN. SECURITY COUNCIL COMMITTEE ESTABLISHED IN PURSUANCE OF RESOLUTION 253 (1968) CONCERNING THE QUESTION OF SOUTHERN RHODESIA</marc:subfield>
    <marc:subfield code="g">DISSOLUTION.</marc:subfield>
    <marc:subfield code="0">(DHLAUTH)333162</marc:subfield>
  </marc:datafield>
  <marc:datafield tag="630" ind1="0" ind2="7">
    <marc:subfield code="a">Charter of the United Nations (1945). Chapter VII</marc:subfield>
    <marc:subfield code="2">unbisn</marc:subfield>
    <marc:subfield code="0">(DHLAUTH)857514</marc:subfield>
  </marc:datafield>
  <marc:datafield tag="650" ind1="0" ind2="7">
    <marc:subfield code="a">INDEPENDENCE</marc:subfield>
    <marc:subfield code="0">(DHLAUTH)268443</marc:subfield>
  </marc:datafield>
  <marc:datafield tag="650" ind1="0" ind2="7">
    <marc:subfield code="a">EMERGENCY RELIEF</marc:subfield>
    <marc:subfield code="0">(DHLAUTH)273708</marc:subfield>
  </marc:datafield>
  <marc:datafield tag="650" ind1="0" ind2="7">
    <marc:subfield code="a">RECONSTRUCTION</marc:subfield>
    <marc:subfield code="0">(DHLAUTH)268666</marc:subfield>
  </marc:datafield>
  <marc:datafield tag="650" ind1="0" ind2="7">
    <marc:subfield code="a">ZIMBABWE</marc:subfield>
    <marc:subfield code="0">(DHLAUTH)269088</marc:subfield>
  </marc:datafield>
  <marc:datafield tag="650" ind1="0" ind2="7">
    <marc:subfield code="a">SANCTIONS</marc:subfield>
    <marc:subfield code="0">(DHLAUTH)9840</marc:subfield>
  </marc:datafield>
  <marc:datafield tag="650" ind1="0" ind2="7">
    <marc:subfield code="a">SOUTHERN RHODESIA</marc:subfield>
    <marc:subfield code="0">(DHLAUTH)269087</marc:subfield>
  </marc:datafield>
  <marc:datafield tag="650" ind1="0" ind2="7">
    <marc:subfield code="a">REFUGEE ASSISTANCE</marc:subfield>
    <marc:subfield code="0">(DHLAUTH)274385</marc:subfield>
  </marc:datafield>
  <marc:datafield tag="650" ind1="0" ind2="7">
    <marc:subfield code="a">REPATRIATION</marc:subfield>
    <marc:subfield code="0">(DHLAUTH)273009</marc:subfield>
  </marc:datafield>
  <marc:datafield tag="650" ind1="0" ind2="7">
    <marc:subfield code="a">SOUTHERN RHODESIA QUESTION</marc:subfield>
    <marc:subfield code="0">(DHLAUTH)269020</marc:subfield>
  </marc:datafield>
  <marc:datafield tag="650" ind1="0" ind2="7">
    <marc:subfield code="a">ZIMBABWEAN REFUGEES</marc:subfield>
    <marc:subfield code="0">(DHLAUTH)269086</marc:subfield>
  </marc:datafield>
  <marc:datafield tag="650" ind1="0" ind2="7">
    <marc:subfield code="a">FRONT-LINE STATES</marc:subfield>
    <marc:subfield code="0">(DHLAUTH)268757</marc:subfield>
  </marc:datafield>
  <marc:datafield tag="710" ind1="2" ind2="0">
    <marc:subfield code="a">UN. Security Council (34th year : 1979)</marc:subfield>
    <marc:subfield code="0">(DHLAUTH)40521</marc:subfield>
  </marc:datafield>
  <marc:datafield tag="856" ind1="4" ind2=" ">
    <marc:subfield code="y">English</marc:subfield>
    <marc:subfield code="9">f4d3b324-a089-438e-8bfb-730badf29d6b</marc:subfield>
    <marc:subfield code="s">155418</marc:subfield>
    <marc:subfield code="u">https://digitallibrary.un.org/record/10494/files/S_RES_460%281979%29-EN.pdf</marc:subfield>
  </marc:datafield>
  <marc:datafield tag="856" ind1="4" ind2=" ">
    <marc:subfield code="y">Español</marc:subfield>
    <marc:subfield code="9">209c643b-8e2d-4506-892f-eb17db4d8c1f</marc:subfield>
    <marc:subfield code="s">66342</marc:subfield>
    <marc:subfield code="u">https://digitallibrary.un.org/record/10494/files/S_RES_460%281979%29-ES.pdf</marc:subfield>
  </marc:datafield>
  <marc:datafield tag="856" ind1="4" ind2=" ">
    <marc:subfield code="y">Français</marc:subfield>
    <marc:subfield code="9">226432bb-e356-4d33-97a5-fac40072c52f</marc:subfield>
    <marc:subfield code="s">155977</marc:subfield>
    <marc:subfield code="u">https://digitallibrary.un.org/record/10494/files/S_RES_460%281979%29-FR.pdf</marc:subfield>
  </marc:datafield>
  <marc:datafield tag="856" ind1="4" ind2=" ">
    <marc:subfield code="y">Русский</marc:subfield>
    <marc:subfield code="9">382c733b-c3c0-47a1-bfde-bb951d62080a</marc:subfield>
    <marc:subfield code="s">80653</marc:subfield>
    <marc:subfield code="u">https://digitallibrary.un.org/record/10494/files/S_RES_460%281979%29-RU.pdf</marc:subfield>
  </marc:datafield>
  <marc:datafield tag="856" ind1="4" ind2=" ">
    <marc:subfield code="y">中文</marc:subfield>
    <marc:subfield code="9">2712422e-4b9e-44a9-9608-735036dc1d9f</marc:subfield>
    <marc:subfield code="s">135176</marc:subfield>
    <marc:subfield code="u">https://digitallibrary.un.org/record/10494/files/S_RES_460%281979%29-ZH.pdf</marc:subfield>
  </marc:datafield>
  <marc:datafield tag="909" ind1="C" ind2="O">
    <marc:subfield code="o">oai:digitallibrary.un.org:10494</marc:subfield>
    <marc:subfield code="p">sanctions</marc:subfield>
  </marc:datafield>
  <marc:datafield tag="930" ind1=" " ind2=" ">
    <marc:subfield code="a">UNDFEB80</marc:subfield>
  </marc:datafield>
  <marc:datafield tag="930" ind1=" " ind2=" ">
    <marc:subfield code="a">SCR</marc:subfield>
    <marc:subfield code="b">000460</marc:subfield>
  </marc:datafield>
  <marc:datafield tag="955" ind1=" " ind2=" ">
    <marc:subfield code="a">18616800</marc:subfield>
  </marc:datafield>
  <marc:datafield tag="980" ind1=" " ind2=" ">
    <marc:subfield code="a">BIB</marc:subfield>
  </marc:datafield>
  <marc:datafield tag="981" ind1=" " ind2=" ">
    <marc:subfield code="a">Security Council</marc:subfield>
  </marc:datafield>
  <marc:datafield tag="989" ind1=" " ind2=" ">
    <marc:subfield code="a">Documents and Publications</marc:subfield>
    <marc:subfield code="b">Resolutions and Decisions</marc:subfield>
    <marc:subfield code="c">Resolutions</marc:subfield>
  </marc:datafield>
  <marc:datafield tag="992" ind1=" " ind2=" ">
    <marc:subfield code="a">1979-12-21</marc:subfield>
  </marc:datafield>
  <marc:datafield tag="993" ind1="2" ind2=" ">
    <marc:subfield code="a">S/13699</marc:subfield>
  </marc:datafield>
  <marc:datafield tag="993" ind1="4" ind2=" ">
    <marc:subfield code="a">S/PV.2181</marc:subfield>
  </marc:datafield>
  <marc:datafield tag="996" ind1=" " ind2=" ">
    <marc:subfield code="a">Adopted 13-0-2, 2181st meeting</marc:subfield>
  </marc:datafield>
  <marc:datafield tag="998" ind1=" " ind2=" ">
    <marc:subfield code="a">19961220000000</marc:subfield>
    <marc:subfield code="c">20170321143800</marc:subfield>
    <marc:subfield code="d">vvcat</marc:subfield>
    <marc:subfield code="x">0x00010000b67f1b81</marc:subfield>
    <marc:subfield code="z">20200214213955</marc:subfield>
  </marc:datafield>
  <marc:datafield tag="999" ind1=" " ind2=" ">
    <marc:subfield code="a">chu20060622</marc:subfield>
    <marc:subfield code="b">20060622</marc:subfield>
    <marc:subfield code="c">u</marc:subfield>
  </marc:datafield>
  <marc:datafield tag="999" ind1=" " ind2=" ">
    <marc:subfield code="a">egu20070621</marc:subfield>
    <marc:subfield code="b">20070621</marc:subfield>
    <marc:subfield code="c">u</marc:subfield>
  </marc:datafield>
</marc:record>
</metadata></record>