<record><header><identifier>oai:digitallibrary.un.org:11012</identifier><datestamp>2025-10-06T12:59:47Z</datestamp><setSpec>sanctions</setSpec></header><metadata><marc:record xmlns:marc="http://www.loc.gov/MARC21/slim" xmlns:xsi="http://www.w3.org/2001/XMLSchema-instance" xsi:schemaLocation="http://www.loc.gov/MARC21/slim http://www.loc.gov/standards/marcxml/schema/MARC21slim.xsd" type="Bibliographic">
     <marc:leader>01136nam a2200313#  4500961220961220</marc:leader>
  
  <marc:controlfield tag="001">11012</marc:controlfield>
  <marc:controlfield tag="005">20251006085947.0</marc:controlfield>
  <marc:controlfield tag="008">800516s1980    usa     r           eng u</marc:controlfield>
  <marc:datafield tag="029" ind1=" " ind2=" ">
    <marc:subfield code="a">JN</marc:subfield>
    <marc:subfield code="b">N8004071 E</marc:subfield>
  </marc:datafield>
  <marc:datafield tag="035" ind1=" " ind2=" ">
    <marc:subfield code="a">D74448X</marc:subfield>
    <marc:subfield code="z">D0009868</marc:subfield>
  </marc:datafield>
  <marc:datafield tag="035" ind1=" " ind2=" ">
    <marc:subfield code="a">(DHL)74448</marc:subfield>
  </marc:datafield>
  <marc:datafield tag="039" ind1=" " ind2=" ">
    <marc:subfield code="a">DHU</marc:subfield>
  </marc:datafield>
  <marc:datafield tag="040" ind1=" " ind2=" ">
    <marc:subfield code="a">NNUN</marc:subfield>
    <marc:subfield code="b">eng</marc:subfield>
  </marc:datafield>
  <marc:datafield tag="041" ind1=" " ind2=" ">
    <marc:subfield code="a">engchifrerusspa</marc:subfield>
  </marc:datafield>
  <marc:datafield tag="049" ind1=" " ind2=" ">
    <marc:subfield code="a">usa</marc:subfield>
  </marc:datafield>
  <marc:datafield tag="089" ind1=" " ind2=" ">
    <marc:subfield code="b">B19</marc:subfield>
  </marc:datafield>
  <marc:datafield tag="091" ind1=" " ind2=" ">
    <marc:subfield code="a">gen</marc:subfield>
  </marc:datafield>
  <marc:datafield tag="099" ind1=" " ind2=" ">
    <marc:subfield code="a">UNH</marc:subfield>
    <marc:subfield code="b">DHU</marc:subfield>
  </marc:datafield>
  <marc:datafield tag="191" ind1=" " ind2=" ">
    <marc:subfield code="a">S/13799</marc:subfield>
    <marc:subfield code="b">S/</marc:subfield>
    <marc:subfield code="c">35</marc:subfield>
    <marc:subfield code="d">S/</marc:subfield>
    <marc:subfield code="e">13799</marc:subfield>
    <marc:subfield code="q">S13799</marc:subfield>
    <marc:subfield code="r">S35</marc:subfield>
    <marc:subfield code="0">(DHLAUTH)332582</marc:subfield>
  </marc:datafield>
  <marc:datafield tag="239" ind1="1" ind2="0">
    <marc:subfield code="a">S-G. Note quoting para. 4 of the Annex of A/RES/34/24 calling for sanctions against South Africa</marc:subfield>
  </marc:datafield>
  <marc:datafield tag="245" ind1="1" ind2="0">
    <marc:subfield code="a">Note /</marc:subfield>
    <marc:subfield code="c">by the Secretary-General.</marc:subfield>
  </marc:datafield>
  <marc:datafield tag="260" ind1=" " ind2=" ">
    <marc:subfield code="a">New York :</marc:subfield>
    <marc:subfield code="b">UN,</marc:subfield>
    <marc:subfield code="c">15 Feb. 1980.</marc:subfield>
  </marc:datafield>
  <marc:datafield tag="269" ind1=" " ind2=" ">
    <marc:subfield code="a">1980-02-15</marc:subfield>
  </marc:datafield>
  <marc:datafield tag="300" ind1=" " ind2=" ">
    <marc:subfield code="a">1 p.</marc:subfield>
  </marc:datafield>
  <marc:datafield tag="520" ind1=" " ind2=" ">
    <marc:subfield code="a">Contains paras. calling for sanctions against South Africa from General Assembly resolution 34/24 entitled "Implementation of the Programme for the Decade for Action to Combat Racism and Racial Discrimination".</marc:subfield>
  </marc:datafield>
  <marc:datafield tag="630" ind1="0" ind2="7">
    <marc:subfield code="a">Decade for Action to Combat Racism and Racial Discrimination (1st : 1973-1982)</marc:subfield>
    <marc:subfield code="0">(DHLAUTH)46058</marc:subfield>
  </marc:datafield>
  <marc:datafield tag="650" ind1="0" ind2="7">
    <marc:subfield code="a">SANCTIONS</marc:subfield>
    <marc:subfield code="0">(DHLAUTH)9840</marc:subfield>
  </marc:datafield>
  <marc:datafield tag="650" ind1="0" ind2="7">
    <marc:subfield code="a">SOUTH AFRICA</marc:subfield>
    <marc:subfield code="0">(DHLAUTH)9686</marc:subfield>
  </marc:datafield>
  <marc:datafield tag="710" ind1="2" ind2=" ">
    <marc:subfield code="a">UN. Secretary-General</marc:subfield>
    <marc:subfield code="0">(DHLAUTH)10663</marc:subfield>
  </marc:datafield>
  <marc:datafield tag="856" ind1="4" ind2=" ">
    <marc:subfield code="y">English</marc:subfield>
    <marc:subfield code="9">53cab754-b8cf-4e34-9976-15b08a7a21fa</marc:subfield>
    <marc:subfield code="s">42414</marc:subfield>
    <marc:subfield code="u">https://digitallibrary.un.org/record/11012/files/S_13799-EN.pdf</marc:subfield>
  </marc:datafield>
  <marc:datafield tag="856" ind1="4" ind2=" ">
    <marc:subfield code="y">Español</marc:subfield>
    <marc:subfield code="9">11ad3f14-0391-4382-b054-6b50d41041df</marc:subfield>
    <marc:subfield code="s">72265</marc:subfield>
    <marc:subfield code="u">https://digitallibrary.un.org/record/11012/files/S_13799-ES.pdf</marc:subfield>
  </marc:datafield>
  <marc:datafield tag="856" ind1="4" ind2=" ">
    <marc:subfield code="y">Français</marc:subfield>
    <marc:subfield code="9">af575435-9c89-426d-abba-60e6a726cd49</marc:subfield>
    <marc:subfield code="s">74297</marc:subfield>
    <marc:subfield code="u">https://digitallibrary.un.org/record/11012/files/S_13799-FR.pdf</marc:subfield>
  </marc:datafield>
  <marc:datafield tag="856" ind1="4" ind2=" ">
    <marc:subfield code="y">Русский</marc:subfield>
    <marc:subfield code="9">77b7b6f7-0148-4306-8417-90081bca909f</marc:subfield>
    <marc:subfield code="s">78310</marc:subfield>
    <marc:subfield code="u">https://digitallibrary.un.org/record/11012/files/S_13799-RU.pdf</marc:subfield>
  </marc:datafield>
  <marc:datafield tag="856" ind1="4" ind2=" ">
    <marc:subfield code="y">中文</marc:subfield>
    <marc:subfield code="9">026944cf-ce6a-4bb7-aa9a-c24a44e1f532</marc:subfield>
    <marc:subfield code="s">43348</marc:subfield>
    <marc:subfield code="u">https://digitallibrary.un.org/record/11012/files/S_13799-ZH.pdf</marc:subfield>
  </marc:datafield>
  <marc:datafield tag="909" ind1="C" ind2="O">
    <marc:subfield code="o">oai:digitallibrary.un.org:11012</marc:subfield>
    <marc:subfield code="p">sanctions</marc:subfield>
  </marc:datafield>
  <marc:datafield tag="930" ind1=" " ind2=" ">
    <marc:subfield code="a">DIG</marc:subfield>
  </marc:datafield>
  <marc:datafield tag="930" ind1=" " ind2=" ">
    <marc:subfield code="a">UNDMAR80</marc:subfield>
  </marc:datafield>
  <marc:datafield tag="955" ind1=" " ind2=" ">
    <marc:subfield code="a">15847600</marc:subfield>
  </marc:datafield>
  <marc:datafield tag="980" ind1=" " ind2=" ">
    <marc:subfield code="a">BIB</marc:subfield>
  </marc:datafield>
  <marc:datafield tag="981" ind1=" " ind2=" ">
    <marc:subfield code="a">Security Council</marc:subfield>
  </marc:datafield>
  <marc:datafield tag="989" ind1=" " ind2=" ">
    <marc:subfield code="a">Documents and Publications</marc:subfield>
  </marc:datafield>
  <marc:datafield tag="998" ind1=" " ind2=" ">
    <marc:subfield code="a">19961220000000</marc:subfield>
    <marc:subfield code="c">20210308103600</marc:subfield>
    <marc:subfield code="d">vvcat</marc:subfield>
    <marc:subfield code="x">0x00010000c2dd9040</marc:subfield>
    <marc:subfield code="z">20210308153756</marc:subfield>
  </marc:datafield>
  <marc:datafield tag="999" ind1=" " ind2=" ">
    <marc:subfield code="a">enu20050609</marc:subfield>
    <marc:subfield code="b">20050609</marc:subfield>
    <marc:subfield code="c">u</marc:subfield>
  </marc:datafield>
  <marc:datafield tag="999" ind1=" " ind2=" ">
    <marc:subfield code="a">vwu20080922</marc:subfield>
    <marc:subfield code="b">20080922</marc:subfield>
    <marc:subfield code="c">u</marc:subfield>
  </marc:datafield>
</marc:record>
</metadata></record>