<record><header><identifier>oai:digitallibrary.un.org:15187</identifier><datestamp>2025-11-20T21:17:54Z</datestamp><setSpec>sanctions</setSpec></header><metadata><marc:record xmlns:marc="http://www.loc.gov/MARC21/slim" xmlns:xsi="http://www.w3.org/2001/XMLSchema-instance" xsi:schemaLocation="http://www.loc.gov/MARC21/slim http://www.loc.gov/standards/marcxml/schema/MARC21slim.xsd" type="Bibliographic">
     <marc:leader>01654nam a22004697a 4500</marc:leader>
  
  <marc:controlfield tag="001">15187</marc:controlfield>
  <marc:controlfield tag="005">20251120161741.0</marc:controlfield>
  <marc:controlfield tag="008">801217s1979    usa     r           eng u</marc:controlfield>
  <marc:datafield tag="019" ind1=" " ind2=" ">
    <marc:subfield code="a">A/34/23/Add.1-3, A/AC.109/588, A/AC.109/L.1251, A/AC.109/L.1284 &amp; Add.1, A/AC.109/L.1289 &amp; Add.1, A/AC.109/L.1328, A/AC.109/L.1331</marc:subfield>
  </marc:datafield>
  <marc:datafield tag="029" ind1=" " ind2=" ">
    <marc:subfield code="a">JN</marc:subfield>
    <marc:subfield code="b">N8013361 E</marc:subfield>
  </marc:datafield>
  <marc:datafield tag="035" ind1=" " ind2=" ">
    <marc:subfield code="a">D81084X</marc:subfield>
    <marc:subfield code="z">D0014052</marc:subfield>
  </marc:datafield>
  <marc:datafield tag="035" ind1=" " ind2=" ">
    <marc:subfield code="a">(DHL)81084</marc:subfield>
  </marc:datafield>
  <marc:datafield tag="039" ind1=" " ind2=" ">
    <marc:subfield code="a">DHU</marc:subfield>
  </marc:datafield>
  <marc:datafield tag="040" ind1=" " ind2=" ">
    <marc:subfield code="a">NNUN</marc:subfield>
    <marc:subfield code="b">eng</marc:subfield>
  </marc:datafield>
  <marc:datafield tag="041" ind1=" " ind2=" ">
    <marc:subfield code="a">arachiengfrerusspa</marc:subfield>
  </marc:datafield>
  <marc:datafield tag="049" ind1=" " ind2=" ">
    <marc:subfield code="a">usa</marc:subfield>
  </marc:datafield>
  <marc:datafield tag="069" ind1=" " ind2=" ">
    <marc:subfield code="a">HUR</marc:subfield>
    <marc:subfield code="b">0501</marc:subfield>
  </marc:datafield>
  <marc:datafield tag="089" ind1=" " ind2=" ">
    <marc:subfield code="a">Annual/sessional reports (UN)</marc:subfield>
    <marc:subfield code="b">B04</marc:subfield>
  </marc:datafield>
  <marc:datafield tag="091" ind1=" " ind2=" ">
    <marc:subfield code="a">GEN</marc:subfield>
  </marc:datafield>
  <marc:datafield tag="099" ind1=" " ind2=" ">
    <marc:subfield code="a">UNH</marc:subfield>
    <marc:subfield code="b">DHU</marc:subfield>
  </marc:datafield>
  <marc:datafield tag="191" ind1=" " ind2=" ">
    <marc:subfield code="a">A/34/23/Rev.1[Vol.II]</marc:subfield>
    <marc:subfield code="b">A/</marc:subfield>
    <marc:subfield code="c">34</marc:subfield>
    <marc:subfield code="q">A3423REV1VOLII</marc:subfield>
    <marc:subfield code="r">A34</marc:subfield>
    <marc:subfield code="0">(DHLAUTH)325989</marc:subfield>
  </marc:datafield>
  <marc:datafield tag="191" ind1=" " ind2=" ">
    <marc:subfield code="b">***</marc:subfield>
    <marc:subfield code="z">A/34/23/Rev.1</marc:subfield>
    <marc:subfield code="q">A3423REV1</marc:subfield>
    <marc:subfield code="0">(DHLAUTH)325910</marc:subfield>
  </marc:datafield>
  <marc:datafield tag="191" ind1=" " ind2=" ">
    <marc:subfield code="b">***</marc:subfield>
    <marc:subfield code="z">A/34/23/Rev.1Vol.II</marc:subfield>
    <marc:subfield code="q">A3423REV1VOLII</marc:subfield>
    <marc:subfield code="0">(DHLAUTH)325910</marc:subfield>
  </marc:datafield>
  <marc:datafield tag="245" ind1="1" ind2="0">
    <marc:subfield code="a">Report of the Special Committee on the Situation with regard to the Implementation of the Declaration on the Granting of Independence to Colonial Countries and Peoples. Volume 2</marc:subfield>
  </marc:datafield>
  <marc:datafield tag="260" ind1=" " ind2=" ">
    <marc:subfield code="a">New York :</marc:subfield>
    <marc:subfield code="b">UN,</marc:subfield>
    <marc:subfield code="c">1981</marc:subfield>
  </marc:datafield>
  <marc:datafield tag="269" ind1=" " ind2=" ">
    <marc:subfield code="a">1981</marc:subfield>
  </marc:datafield>
  <marc:datafield tag="300" ind1=" " ind2=" ">
    <marc:subfield code="a">v, 145 p. :</marc:subfield>
    <marc:subfield code="b">tables</marc:subfield>
  </marc:datafield>
  <marc:datafield tag="495" ind1=" " ind2=" ">
    <marc:subfield code="a">GAOR, 34th sess., Suppl. no. 23 [Vol. II]</marc:subfield>
  </marc:datafield>
  <marc:datafield tag="610" ind1="2" ind2="7">
    <marc:subfield code="a">UN. Special Committee on the Situation with regard to the Implementation of the Declaration on the Granting of Independence to Colonial Countries and Peoples</marc:subfield>
    <marc:subfield code="0">(DHLAUTH)49575</marc:subfield>
  </marc:datafield>
  <marc:datafield tag="650" ind1="0" ind2="7">
    <marc:subfield code="a">SANCTIONS</marc:subfield>
    <marc:subfield code="0">(DHLAUTH)9840</marc:subfield>
  </marc:datafield>
  <marc:datafield tag="650" ind1="0" ind2="7">
    <marc:subfield code="a">SOUTHERN RHODESIA</marc:subfield>
    <marc:subfield code="0">(DHLAUTH)269087</marc:subfield>
  </marc:datafield>
  <marc:datafield tag="650" ind1="0" ind2="7">
    <marc:subfield code="a">BRUNEI QUESTION</marc:subfield>
    <marc:subfield code="0">(DHLAUTH)269008</marc:subfield>
  </marc:datafield>
  <marc:datafield tag="650" ind1="0" ind2="7">
    <marc:subfield code="a">EAST TIMOR QUESTION</marc:subfield>
    <marc:subfield code="0">(DHLAUTH)269011</marc:subfield>
  </marc:datafield>
  <marc:datafield tag="650" ind1="0" ind2="7">
    <marc:subfield code="a">GIBRALTAR QUESTION</marc:subfield>
    <marc:subfield code="0">(DHLAUTH)275589</marc:subfield>
  </marc:datafield>
  <marc:datafield tag="650" ind1="0" ind2="7">
    <marc:subfield code="a">POLITICAL STATUS</marc:subfield>
    <marc:subfield code="0">(DHLAUTH)269002</marc:subfield>
  </marc:datafield>
  <marc:datafield tag="650" ind1="0" ind2="7">
    <marc:subfield code="a">NAMIBIA QUESTION</marc:subfield>
    <marc:subfield code="0">(DHLAUTH)269014</marc:subfield>
  </marc:datafield>
  <marc:datafield tag="650" ind1="0" ind2="7">
    <marc:subfield code="a">DECOLONIZATION</marc:subfield>
    <marc:subfield code="0">(DHLAUTH)268444</marc:subfield>
  </marc:datafield>
  <marc:datafield tag="650" ind1="0" ind2="7">
    <marc:subfield code="a">SOUTHERN RHODESIA QUESTION</marc:subfield>
    <marc:subfield code="0">(DHLAUTH)269020</marc:subfield>
  </marc:datafield>
  <marc:datafield tag="650" ind1="0" ind2="7">
    <marc:subfield code="a">WESTERN SAHARA QUESTION</marc:subfield>
    <marc:subfield code="0">(DHLAUTH)269024</marc:subfield>
  </marc:datafield>
  <marc:datafield tag="710" ind1="2" ind2=" ">
    <marc:subfield code="a">UN. Special Committee on the Situation with regard to the Implementation of the Declaration on the Granting of Independence to Colonial Countries and Peoples</marc:subfield>
    <marc:subfield code="0">(DHLAUTH)49575</marc:subfield>
  </marc:datafield>
  <marc:datafield tag="830" ind1="0" ind2=" ">
    <marc:subfield code="a">Report of the Special Committee on the Situation with regard to the Implementation of the Declaration on the Granting of Independence to Colonial Countries and Peoples</marc:subfield>
    <marc:subfield code="0">(DHLAUTH)884955</marc:subfield>
  </marc:datafield>
  <marc:datafield tag="830" ind1="0" ind2=" ">
    <marc:subfield code="a">General Assembly. Official Records. Supplement</marc:subfield>
    <marc:subfield code="0">(DHLAUTH)882079</marc:subfield>
  </marc:datafield>
  <marc:datafield tag="856" ind1="4" ind2=" ">
    <marc:subfield code="y">العربية</marc:subfield>
    <marc:subfield code="9">aa9d6954-60fc-4d39-8481-0a2106f6aea8</marc:subfield>
    <marc:subfield code="s">12111908</marc:subfield>
    <marc:subfield code="u">https://digitallibrary.un.org/record/15187/files/A_34_23_Rev.1%5EVol.II%5E--A_34_23_Rev.1--A_34_23_Rev.1Vol.II-AR.pdf</marc:subfield>
  </marc:datafield>
  <marc:datafield tag="856" ind1="4" ind2=" ">
    <marc:subfield code="y">中文</marc:subfield>
    <marc:subfield code="9">47bd641b-c24a-4212-9a69-84eef364c7af</marc:subfield>
    <marc:subfield code="s">14581287</marc:subfield>
    <marc:subfield code="u">https://digitallibrary.un.org/record/15187/files/A_34_23_Rev.1%5EVol.II%5E--A_34_23_Rev.1--A_34_23_Rev.1Vol.II-ZH.pdf</marc:subfield>
  </marc:datafield>
  <marc:datafield tag="856" ind1="4" ind2=" ">
    <marc:subfield code="y">English</marc:subfield>
    <marc:subfield code="9">875eed95-c0b6-432b-b1f1-9ed0897c66df</marc:subfield>
    <marc:subfield code="s">20979384</marc:subfield>
    <marc:subfield code="u">https://digitallibrary.un.org/record/15187/files/A_34_23_Rev.1%5EVol.II%5E--A_34_23_Rev.1--A_34_23_Rev.1Vol.II-EN.pdf</marc:subfield>
  </marc:datafield>
  <marc:datafield tag="856" ind1="4" ind2=" ">
    <marc:subfield code="y">Français</marc:subfield>
    <marc:subfield code="9">4646c061-f5cd-4484-8002-91e8a50933b2</marc:subfield>
    <marc:subfield code="s">17621895</marc:subfield>
    <marc:subfield code="u">https://digitallibrary.un.org/record/15187/files/A_34_23_Rev.1%5EVol.II%5E--A_34_23_Rev.1--A_34_23_Rev.1Vol.II-FR.pdf</marc:subfield>
  </marc:datafield>
  <marc:datafield tag="856" ind1="4" ind2=" ">
    <marc:subfield code="y">Español</marc:subfield>
    <marc:subfield code="9">b13fdd2c-f5fb-4eee-9e31-277f37bdbcd6</marc:subfield>
    <marc:subfield code="s">21754023</marc:subfield>
    <marc:subfield code="u">https://digitallibrary.un.org/record/15187/files/A_34_23_Rev.1%5EVol.II%5E--A_34_23_Rev.1--A_34_23_Rev.1Vol.II-ES.pdf</marc:subfield>
  </marc:datafield>
  <marc:datafield tag="909" ind1="C" ind2="O">
    <marc:subfield code="o">oai:digitallibrary.un.org:15187</marc:subfield>
    <marc:subfield code="p">sanctions</marc:subfield>
  </marc:datafield>
  <marc:datafield tag="930" ind1=" " ind2=" ">
    <marc:subfield code="a">UNDNOV80</marc:subfield>
  </marc:datafield>
  <marc:datafield tag="930" ind1=" " ind2=" ">
    <marc:subfield code="a">HUR</marc:subfield>
    <marc:subfield code="b">006060</marc:subfield>
  </marc:datafield>
  <marc:datafield tag="930" ind1=" " ind2=" ">
    <marc:subfield code="a">DIG</marc:subfield>
  </marc:datafield>
  <marc:datafield tag="930" ind1=" " ind2=" ">
    <marc:subfield code="a">GAD</marc:subfield>
  </marc:datafield>
  <marc:datafield tag="955" ind1=" " ind2=" ">
    <marc:subfield code="a">00033500</marc:subfield>
  </marc:datafield>
  <marc:datafield tag="980" ind1=" " ind2=" ">
    <marc:subfield code="a">BIB</marc:subfield>
  </marc:datafield>
  <marc:datafield tag="981" ind1=" " ind2=" ">
    <marc:subfield code="a">General Assembly</marc:subfield>
    <marc:subfield code="b">General Assembly Plenary</marc:subfield>
  </marc:datafield>
  <marc:datafield tag="989" ind1=" " ind2=" ">
    <marc:subfield code="a">Documents and Publications</marc:subfield>
    <marc:subfield code="b">Reports</marc:subfield>
    <marc:subfield code="c">Annual and Sessional Reports</marc:subfield>
  </marc:datafield>
  <marc:datafield tag="998" ind1=" " ind2=" ">
    <marc:subfield code="a">19961220000000</marc:subfield>
    <marc:subfield code="c">20180207162900</marc:subfield>
    <marc:subfield code="d">shkcat</marc:subfield>
    <marc:subfield code="x">0x00010000b97088e0</marc:subfield>
    <marc:subfield code="z">20200214213955</marc:subfield>
  </marc:datafield>
  <marc:datafield tag="999" ind1=" " ind2=" ">
    <marc:subfield code="a">shku20170420</marc:subfield>
    <marc:subfield code="b">20170420</marc:subfield>
    <marc:subfield code="c">u</marc:subfield>
  </marc:datafield>
  <marc:datafield tag="999" ind1=" " ind2=" ">
    <marc:subfield code="a">nbu20110303</marc:subfield>
    <marc:subfield code="b">20110303</marc:subfield>
    <marc:subfield code="c">u</marc:subfield>
  </marc:datafield>
</marc:record>
</metadata></record>