<record><header><identifier>oai:digitallibrary.un.org:15431</identifier><datestamp>2025-10-06T12:59:47Z</datestamp><setSpec>sanctions</setSpec></header><metadata><marc:record xmlns:marc="http://www.loc.gov/MARC21/slim" xmlns:xsi="http://www.w3.org/2001/XMLSchema-instance" xsi:schemaLocation="http://www.loc.gov/MARC21/slim http://www.loc.gov/standards/marcxml/schema/MARC21slim.xsd" type="Bibliographic">
     <marc:leader>01397nam a2200385#  4500961220961220</marc:leader>
  
  <marc:controlfield tag="001">15431</marc:controlfield>
  <marc:controlfield tag="005">20251006085947.0</marc:controlfield>
  <marc:controlfield tag="008">801218s1980    usa     r           eng u</marc:controlfield>
  <marc:datafield tag="029" ind1=" " ind2=" ">
    <marc:subfield code="a">JN</marc:subfield>
    <marc:subfield code="b">N8021921 E</marc:subfield>
  </marc:datafield>
  <marc:datafield tag="035" ind1=" " ind2=" ">
    <marc:subfield code="a">D81527X</marc:subfield>
    <marc:subfield code="z">D0014296</marc:subfield>
  </marc:datafield>
  <marc:datafield tag="035" ind1=" " ind2=" ">
    <marc:subfield code="a">(DHL)81527</marc:subfield>
  </marc:datafield>
  <marc:datafield tag="039" ind1=" " ind2=" ">
    <marc:subfield code="a">DHU</marc:subfield>
  </marc:datafield>
  <marc:datafield tag="040" ind1=" " ind2=" ">
    <marc:subfield code="a">NNUN</marc:subfield>
    <marc:subfield code="b">eng</marc:subfield>
  </marc:datafield>
  <marc:datafield tag="041" ind1=" " ind2=" ">
    <marc:subfield code="a">engarachifrerusspa</marc:subfield>
  </marc:datafield>
  <marc:datafield tag="049" ind1=" " ind2=" ">
    <marc:subfield code="a">usa</marc:subfield>
  </marc:datafield>
  <marc:datafield tag="069" ind1=" " ind2=" ">
    <marc:subfield code="a">HUR</marc:subfield>
    <marc:subfield code="b">0602</marc:subfield>
  </marc:datafield>
  <marc:datafield tag="089" ind1=" " ind2=" ">
    <marc:subfield code="a">Letters (not UN Secretary General)</marc:subfield>
    <marc:subfield code="b">B18</marc:subfield>
  </marc:datafield>
  <marc:datafield tag="091" ind1=" " ind2=" ">
    <marc:subfield code="a">GEN</marc:subfield>
  </marc:datafield>
  <marc:datafield tag="099" ind1=" " ind2=" ">
    <marc:subfield code="a">UNH</marc:subfield>
    <marc:subfield code="b">DHU</marc:subfield>
  </marc:datafield>
  <marc:datafield tag="191" ind1=" " ind2=" ">
    <marc:subfield code="a">A/35/439</marc:subfield>
    <marc:subfield code="b">A/</marc:subfield>
    <marc:subfield code="c">35</marc:subfield>
    <marc:subfield code="d">A/</marc:subfield>
    <marc:subfield code="e">35/439</marc:subfield>
    <marc:subfield code="q">A35439</marc:subfield>
    <marc:subfield code="r">A35</marc:subfield>
    <marc:subfield code="0">(DHLAUTH)333013</marc:subfield>
  </marc:datafield>
  <marc:datafield tag="191" ind1=" " ind2=" ">
    <marc:subfield code="b">***</marc:subfield>
    <marc:subfield code="a">S/14160</marc:subfield>
    <marc:subfield code="d">S/</marc:subfield>
    <marc:subfield code="e">14160</marc:subfield>
    <marc:subfield code="q">S14160</marc:subfield>
    <marc:subfield code="0">(DHLAUTH)325910</marc:subfield>
  </marc:datafield>
  <marc:datafield tag="245" ind1="1" ind2="0">
    <marc:subfield code="a">Letter dated 5 September 1980 from the Chairman of the Special Committee against Apartheid to the Secretary-General</marc:subfield>
  </marc:datafield>
  <marc:datafield tag="260" ind1=" " ind2=" ">
    <marc:subfield code="a">New York :</marc:subfield>
    <marc:subfield code="b">UN,</marc:subfield>
    <marc:subfield code="c">16 Sept. 1980</marc:subfield>
  </marc:datafield>
  <marc:datafield tag="269" ind1=" " ind2=" ">
    <marc:subfield code="a">1980-09-16</marc:subfield>
  </marc:datafield>
  <marc:datafield tag="300" ind1=" " ind2=" ">
    <marc:subfield code="a">[5] p., including annex.</marc:subfield>
  </marc:datafield>
  <marc:datafield tag="500" ind1=" " ind2=" ">
    <marc:subfield code="a">Transmits Declaration of the International NGO Action Conference for Sanctions against South Africa, Geneva, 1980.</marc:subfield>
  </marc:datafield>
  <marc:datafield tag="611" ind1="2" ind2="7">
    <marc:subfield code="a">International NGO Action Conference for Sanctions against South Africa (1980 : Geneva)</marc:subfield>
    <marc:subfield code="0">(DHLAUTH)75072</marc:subfield>
  </marc:datafield>
  <marc:datafield tag="650" ind1="0" ind2="7">
    <marc:subfield code="a">SANCTIONS</marc:subfield>
    <marc:subfield code="0">(DHLAUTH)9840</marc:subfield>
  </marc:datafield>
  <marc:datafield tag="650" ind1="0" ind2="7">
    <marc:subfield code="a">SOUTH AFRICA</marc:subfield>
    <marc:subfield code="0">(DHLAUTH)9686</marc:subfield>
  </marc:datafield>
  <marc:datafield tag="650" ind1="0" ind2="7">
    <marc:subfield code="a">APARTHEID</marc:subfield>
    <marc:subfield code="0">(DHLAUTH)268992</marc:subfield>
  </marc:datafield>
  <marc:datafield tag="650" ind1="0" ind2="7">
    <marc:subfield code="a">DECLARATIONS</marc:subfield>
    <marc:subfield code="0">(DHLAUTH)275831</marc:subfield>
  </marc:datafield>
  <marc:datafield tag="710" ind1="2" ind2="0">
    <marc:subfield code="a">UN. Special Committee against Apartheid. Chair</marc:subfield>
    <marc:subfield code="0">(DHLAUTH)74171</marc:subfield>
  </marc:datafield>
  <marc:datafield tag="711" ind1="2" ind2="0">
    <marc:subfield code="a">International NGO Action Conference for Sanctions against South Africa (1980 : Geneva)</marc:subfield>
    <marc:subfield code="0">(DHLAUTH)75072</marc:subfield>
  </marc:datafield>
  <marc:datafield tag="856" ind1="4" ind2=" ">
    <marc:subfield code="y">العربية</marc:subfield>
    <marc:subfield code="9">804a668f-343b-461b-a712-9302fe323aad</marc:subfield>
    <marc:subfield code="s">289321</marc:subfield>
    <marc:subfield code="u">https://digitallibrary.un.org/record/15431/files/A_35_439--S_14160-AR.pdf</marc:subfield>
  </marc:datafield>
  <marc:datafield tag="856" ind1="4" ind2=" ">
    <marc:subfield code="y">中文</marc:subfield>
    <marc:subfield code="9">2c940cdf-9149-413a-ae3c-dc26ebd831b5</marc:subfield>
    <marc:subfield code="s">343250</marc:subfield>
    <marc:subfield code="u">https://digitallibrary.un.org/record/15431/files/A_35_439--S_14160-ZH.pdf</marc:subfield>
  </marc:datafield>
  <marc:datafield tag="856" ind1="4" ind2=" ">
    <marc:subfield code="y">English</marc:subfield>
    <marc:subfield code="9">00a131c3-bc6c-491b-a9fb-cc37e472f331</marc:subfield>
    <marc:subfield code="s">294778</marc:subfield>
    <marc:subfield code="u">https://digitallibrary.un.org/record/15431/files/A_35_439--S_14160-EN.pdf</marc:subfield>
  </marc:datafield>
  <marc:datafield tag="856" ind1="4" ind2=" ">
    <marc:subfield code="y">Français</marc:subfield>
    <marc:subfield code="9">5c2457e6-1e18-4348-937a-805e7eb6c42d</marc:subfield>
    <marc:subfield code="s">584309</marc:subfield>
    <marc:subfield code="u">https://digitallibrary.un.org/record/15431/files/A_35_439--S_14160-FR.pdf</marc:subfield>
  </marc:datafield>
  <marc:datafield tag="856" ind1="4" ind2=" ">
    <marc:subfield code="y">Русский</marc:subfield>
    <marc:subfield code="9">88db383a-279d-4a59-96bd-72e8852f7c1b</marc:subfield>
    <marc:subfield code="s">499953</marc:subfield>
    <marc:subfield code="u">https://digitallibrary.un.org/record/15431/files/A_35_439--S_14160-RU.pdf</marc:subfield>
  </marc:datafield>
  <marc:datafield tag="856" ind1="4" ind2=" ">
    <marc:subfield code="y">Español</marc:subfield>
    <marc:subfield code="9">cd8837d4-58cb-4470-8927-428687c11bbf</marc:subfield>
    <marc:subfield code="s">507741</marc:subfield>
    <marc:subfield code="u">https://digitallibrary.un.org/record/15431/files/A_35_439--S_14160-ES.pdf</marc:subfield>
  </marc:datafield>
  <marc:datafield tag="909" ind1="C" ind2="O">
    <marc:subfield code="o">oai:digitallibrary.un.org:15431</marc:subfield>
    <marc:subfield code="p">sanctions</marc:subfield>
  </marc:datafield>
  <marc:datafield tag="930" ind1=" " ind2=" ">
    <marc:subfield code="a">DIG</marc:subfield>
  </marc:datafield>
  <marc:datafield tag="930" ind1=" " ind2=" ">
    <marc:subfield code="a">UNDNOV80</marc:subfield>
  </marc:datafield>
  <marc:datafield tag="930" ind1=" " ind2=" ">
    <marc:subfield code="a">HUR</marc:subfield>
    <marc:subfield code="b">009395</marc:subfield>
  </marc:datafield>
  <marc:datafield tag="955" ind1=" " ind2=" ">
    <marc:subfield code="a">00218900</marc:subfield>
  </marc:datafield>
  <marc:datafield tag="980" ind1=" " ind2=" ">
    <marc:subfield code="a">BIB</marc:subfield>
  </marc:datafield>
  <marc:datafield tag="981" ind1=" " ind2=" ">
    <marc:subfield code="a">General Assembly</marc:subfield>
    <marc:subfield code="b">General Assembly Plenary</marc:subfield>
  </marc:datafield>
  <marc:datafield tag="989" ind1=" " ind2=" ">
    <marc:subfield code="a">Documents and Publications</marc:subfield>
    <marc:subfield code="b">Letters and Notes Verbales</marc:subfield>
  </marc:datafield>
  <marc:datafield tag="991" ind1="1" ind2=" ">
    <marc:subfield code="a">A/35/150</marc:subfield>
    <marc:subfield code="b">28</marc:subfield>
    <marc:subfield code="c">Policies of apartheid of the Government of South Africa.</marc:subfield>
    <marc:subfield code="0">(DHLAUTH)336951</marc:subfield>
  </marc:datafield>
  <marc:datafield tag="992" ind1=" " ind2=" ">
    <marc:subfield code="a">1980-09-05</marc:subfield>
  </marc:datafield>
  <marc:datafield tag="998" ind1=" " ind2=" ">
    <marc:subfield code="a">19961220000000</marc:subfield>
    <marc:subfield code="c">20201116120600</marc:subfield>
    <marc:subfield code="d">mocat</marc:subfield>
    <marc:subfield code="x">0x00010000c1e110b1</marc:subfield>
    <marc:subfield code="z">20201116170859</marc:subfield>
  </marc:datafield>
  <marc:datafield tag="999" ind1=" " ind2=" ">
    <marc:subfield code="a">enu20050630</marc:subfield>
    <marc:subfield code="b">20050630</marc:subfield>
    <marc:subfield code="c">u</marc:subfield>
  </marc:datafield>
  <marc:datafield tag="999" ind1=" " ind2=" ">
    <marc:subfield code="a">mmu20230921</marc:subfield>
    <marc:subfield code="b">20230921</marc:subfield>
    <marc:subfield code="c">u</marc:subfield>
  </marc:datafield>
</marc:record>
</metadata></record>