<record><header><identifier>oai:digitallibrary.un.org:16145</identifier><datestamp>2025-10-06T12:59:47Z</datestamp><setSpec>sanctions</setSpec></header><metadata><marc:record xmlns:marc="http://www.loc.gov/MARC21/slim" xmlns:xsi="http://www.w3.org/2001/XMLSchema-instance" xsi:schemaLocation="http://www.loc.gov/MARC21/slim http://www.loc.gov/standards/marcxml/schema/MARC21slim.xsd" type="Bibliographic">
     <marc:leader>01934nam a22006137  4500</marc:leader>
  
  <marc:controlfield tag="001">16145</marc:controlfield>
  <marc:controlfield tag="005">20251006085947.0</marc:controlfield>
  <marc:controlfield tag="008">810129s1980    usa     r           eng u</marc:controlfield>
  <marc:datafield tag="029" ind1=" " ind2=" ">
    <marc:subfield code="a">JN</marc:subfield>
    <marc:subfield code="b">N8025897 E</marc:subfield>
  </marc:datafield>
  <marc:datafield tag="035" ind1=" " ind2=" ">
    <marc:subfield code="a">D82633X</marc:subfield>
    <marc:subfield code="z">D0015015</marc:subfield>
  </marc:datafield>
  <marc:datafield tag="035" ind1=" " ind2=" ">
    <marc:subfield code="a">(DHL)82633</marc:subfield>
  </marc:datafield>
  <marc:datafield tag="039" ind1=" " ind2=" ">
    <marc:subfield code="a">DHU</marc:subfield>
  </marc:datafield>
  <marc:datafield tag="040" ind1=" " ind2=" ">
    <marc:subfield code="a">NNUN</marc:subfield>
    <marc:subfield code="b">eng</marc:subfield>
  </marc:datafield>
  <marc:datafield tag="041" ind1=" " ind2=" ">
    <marc:subfield code="a">engarachifrerusspa</marc:subfield>
  </marc:datafield>
  <marc:datafield tag="049" ind1=" " ind2=" ">
    <marc:subfield code="a">usa</marc:subfield>
  </marc:datafield>
  <marc:datafield tag="069" ind1=" " ind2=" ">
    <marc:subfield code="a">HUR</marc:subfield>
    <marc:subfield code="b">0602</marc:subfield>
  </marc:datafield>
  <marc:datafield tag="089" ind1=" " ind2=" ">
    <marc:subfield code="a">Annual/sessional reports (UN)</marc:subfield>
    <marc:subfield code="b">B04</marc:subfield>
  </marc:datafield>
  <marc:datafield tag="091" ind1=" " ind2=" ">
    <marc:subfield code="a">GEN</marc:subfield>
  </marc:datafield>
  <marc:datafield tag="099" ind1=" " ind2=" ">
    <marc:subfield code="a">UNH</marc:subfield>
    <marc:subfield code="b">DHU</marc:subfield>
    <marc:subfield code="c">UNA(01)/R3</marc:subfield>
    <marc:subfield code="q">UNA01R3</marc:subfield>
  </marc:datafield>
  <marc:datafield tag="191" ind1=" " ind2=" ">
    <marc:subfield code="a">A/35/22</marc:subfield>
    <marc:subfield code="b">A/</marc:subfield>
    <marc:subfield code="c">35</marc:subfield>
    <marc:subfield code="q">A3522</marc:subfield>
    <marc:subfield code="r">A35</marc:subfield>
    <marc:subfield code="0">(DHLAUTH)333013</marc:subfield>
  </marc:datafield>
  <marc:datafield tag="245" ind1="1" ind2="0">
    <marc:subfield code="a">Report of the Special Committee against Apartheid</marc:subfield>
  </marc:datafield>
  <marc:datafield tag="260" ind1=" " ind2=" ">
    <marc:subfield code="a">New York :</marc:subfield>
    <marc:subfield code="b">UN,</marc:subfield>
    <marc:subfield code="c">1980</marc:subfield>
  </marc:datafield>
  <marc:datafield tag="269" ind1=" " ind2=" ">
    <marc:subfield code="a">1980</marc:subfield>
  </marc:datafield>
  <marc:datafield tag="300" ind1=" " ind2=" ">
    <marc:subfield code="a">vi, 118 p. :</marc:subfield>
    <marc:subfield code="b">table</marc:subfield>
  </marc:datafield>
  <marc:datafield tag="495" ind1=" " ind2=" ">
    <marc:subfield code="a">GAOR, 35th sess., Suppl. no. 22</marc:subfield>
  </marc:datafield>
  <marc:datafield tag="610" ind1="2" ind2="7">
    <marc:subfield code="a">UN. SPECIAL COMMITTEE AGAINST APARTHEID</marc:subfield>
    <marc:subfield code="g">ACTITIVIES (1979-1980)</marc:subfield>
    <marc:subfield code="0">(DHLAUTH)337544</marc:subfield>
  </marc:datafield>
  <marc:datafield tag="610" ind1="2" ind2="7">
    <marc:subfield code="a">UN TRUST FUND FOR PUBLICITY AGAINST APARTHEID</marc:subfield>
    <marc:subfield code="g">BUDGET CONTRIBUTIONS.</marc:subfield>
    <marc:subfield code="0">(DHLAUTH)328804</marc:subfield>
  </marc:datafield>
  <marc:datafield tag="610" ind1="2" ind2="7">
    <marc:subfield code="a">UN. SPECIAL COMMITTEE AGAINST APARTHEID</marc:subfield>
    <marc:subfield code="g">WORK PROGRAMME.</marc:subfield>
    <marc:subfield code="0">(DHLAUTH)325937</marc:subfield>
  </marc:datafield>
  <marc:datafield tag="630" ind1="0" ind2="7">
    <marc:subfield code="a">International Day for the Elimination of Racial Discrimination (21 Mar.)</marc:subfield>
    <marc:subfield code="0">(DHLAUTH)47025</marc:subfield>
  </marc:datafield>
  <marc:datafield tag="630" ind1="0" ind2="7">
    <marc:subfield code="a">International Day of Solidarity with the Struggling People of South Africa (16 June)</marc:subfield>
    <marc:subfield code="0">(DHLAUTH)42033</marc:subfield>
  </marc:datafield>
  <marc:datafield tag="650" ind1="0" ind2="7">
    <marc:subfield code="a">ANGOLA</marc:subfield>
    <marc:subfield code="0">(DHLAUTH)269038</marc:subfield>
  </marc:datafield>
  <marc:datafield tag="650" ind1="0" ind2="7">
    <marc:subfield code="a">ZAMBIA</marc:subfield>
    <marc:subfield code="0">(DHLAUTH)273525</marc:subfield>
  </marc:datafield>
  <marc:datafield tag="650" ind1="0" ind2="7">
    <marc:subfield code="a">ARMS EMBARGO</marc:subfield>
    <marc:subfield code="0">(DHLAUTH)268736</marc:subfield>
  </marc:datafield>
  <marc:datafield tag="650" ind1="0" ind2="7">
    <marc:subfield code="a">NUCLEAR TECHNOLOGY</marc:subfield>
    <marc:subfield code="0">(DHLAUTH)268975</marc:subfield>
  </marc:datafield>
  <marc:datafield tag="650" ind1="0" ind2="7">
    <marc:subfield code="a">MILITARY RELATIONS</marc:subfield>
    <marc:subfield code="0">(DHLAUTH)8827</marc:subfield>
  </marc:datafield>
  <marc:datafield tag="650" ind1="0" ind2="7">
    <marc:subfield code="a">FOREIGN INVESTMENTS</marc:subfield>
    <marc:subfield code="0">(DHLAUTH)269953</marc:subfield>
  </marc:datafield>
  <marc:datafield tag="650" ind1="0" ind2="7">
    <marc:subfield code="a">SANCTIONS</marc:subfield>
    <marc:subfield code="0">(DHLAUTH)9840</marc:subfield>
  </marc:datafield>
  <marc:datafield tag="650" ind1="0" ind2="7">
    <marc:subfield code="a">OIL EMBARGO</marc:subfield>
    <marc:subfield code="0">(DHLAUTH)12716</marc:subfield>
  </marc:datafield>
  <marc:datafield tag="650" ind1="0" ind2="7">
    <marc:subfield code="a">SPORTS</marc:subfield>
    <marc:subfield code="0">(DHLAUTH)273712</marc:subfield>
  </marc:datafield>
  <marc:datafield tag="650" ind1="0" ind2="7">
    <marc:subfield code="a">WOMEN</marc:subfield>
    <marc:subfield code="0">(DHLAUTH)273032</marc:subfield>
  </marc:datafield>
  <marc:datafield tag="650" ind1="0" ind2="7">
    <marc:subfield code="a">CHILDREN</marc:subfield>
    <marc:subfield code="0">(DHLAUTH)269400</marc:subfield>
  </marc:datafield>
  <marc:datafield tag="650" ind1="0" ind2="7">
    <marc:subfield code="a">SOUTH AFRICA</marc:subfield>
    <marc:subfield code="0">(DHLAUTH)9686</marc:subfield>
  </marc:datafield>
  <marc:datafield tag="650" ind1="0" ind2="7">
    <marc:subfield code="a">APARTHEID</marc:subfield>
    <marc:subfield code="0">(DHLAUTH)268992</marc:subfield>
  </marc:datafield>
  <marc:datafield tag="650" ind1="0" ind2="7">
    <marc:subfield code="a">SPORTS</marc:subfield>
    <marc:subfield code="0">(DHLAUTH)273712</marc:subfield>
  </marc:datafield>
  <marc:datafield tag="650" ind1="0" ind2="7">
    <marc:subfield code="a">NATIONAL LIBERATION MOVEMENTS</marc:subfield>
    <marc:subfield code="0">(DHLAUTH)268431</marc:subfield>
  </marc:datafield>
  <marc:datafield tag="650" ind1="0" ind2="7">
    <marc:subfield code="a">INFORMATION DISSEMINATION</marc:subfield>
    <marc:subfield code="0">(DHLAUTH)275051</marc:subfield>
  </marc:datafield>
  <marc:datafield tag="650" ind1="0" ind2="7">
    <marc:subfield code="a">MASS MEDIA</marc:subfield>
    <marc:subfield code="0">(DHLAUTH)272747</marc:subfield>
  </marc:datafield>
  <marc:datafield tag="650" ind1="0" ind2="7">
    <marc:subfield code="a">INTERNATIONAL DAYS</marc:subfield>
    <marc:subfield code="0">(DHLAUTH)268660</marc:subfield>
  </marc:datafield>
  <marc:datafield tag="650" ind1="0" ind2="7">
    <marc:subfield code="a">NON-GOVERNMENTAL ORGANIZATIONS</marc:subfield>
    <marc:subfield code="0">(DHLAUTH)268665</marc:subfield>
  </marc:datafield>
  <marc:datafield tag="650" ind1="0" ind2="7">
    <marc:subfield code="a">AID PROGRAMMES</marc:subfield>
    <marc:subfield code="0">(DHLAUTH)268916</marc:subfield>
  </marc:datafield>
  <marc:datafield tag="650" ind1="0" ind2="7">
    <marc:subfield code="a">BUDGET CONTRIBUTIONS</marc:subfield>
    <marc:subfield code="0">(DHLAUTH)275750</marc:subfield>
  </marc:datafield>
  <marc:datafield tag="650" ind1="0" ind2="7">
    <marc:subfield code="a">WORK PROGRAMME</marc:subfield>
    <marc:subfield code="0">(DHLAUTH)275800</marc:subfield>
  </marc:datafield>
  <marc:datafield tag="710" ind1="2" ind2=" ">
    <marc:subfield code="a">UN. Special Committee against Apartheid</marc:subfield>
    <marc:subfield code="0">(DHLAUTH)49583</marc:subfield>
  </marc:datafield>
  <marc:datafield tag="830" ind1="0" ind2=" ">
    <marc:subfield code="a">Report of the Special Committee against Apartheid</marc:subfield>
    <marc:subfield code="0">(DHLAUTH)884909</marc:subfield>
  </marc:datafield>
  <marc:datafield tag="830" ind1="0" ind2=" ">
    <marc:subfield code="a">General Assembly. Official Records. Supplement</marc:subfield>
    <marc:subfield code="0">(DHLAUTH)882079</marc:subfield>
  </marc:datafield>
  <marc:datafield tag="856" ind1="4" ind2=" ">
    <marc:subfield code="y">العربية</marc:subfield>
    <marc:subfield code="9">5f91c79f-ee44-437a-92c1-4f29955969a0</marc:subfield>
    <marc:subfield code="s">4971977</marc:subfield>
    <marc:subfield code="u">https://digitallibrary.un.org/record/16145/files/A_35_22-AR.pdf</marc:subfield>
  </marc:datafield>
  <marc:datafield tag="856" ind1="4" ind2=" ">
    <marc:subfield code="y">English</marc:subfield>
    <marc:subfield code="9">212ffea0-7f2b-4d67-8d3e-f448b62888d7</marc:subfield>
    <marc:subfield code="s">10762253</marc:subfield>
    <marc:subfield code="u">https://digitallibrary.un.org/record/16145/files/A_35_22-EN.pdf</marc:subfield>
  </marc:datafield>
  <marc:datafield tag="856" ind1="4" ind2=" ">
    <marc:subfield code="y">Español</marc:subfield>
    <marc:subfield code="9">1ada8540-002a-476b-8f4a-004f1cf1f103</marc:subfield>
    <marc:subfield code="s">11742945</marc:subfield>
    <marc:subfield code="u">https://digitallibrary.un.org/record/16145/files/A_35_22-ES.pdf</marc:subfield>
  </marc:datafield>
  <marc:datafield tag="856" ind1="4" ind2=" ">
    <marc:subfield code="y">Français</marc:subfield>
    <marc:subfield code="9">e0da168e-3ecb-4fe9-b096-c6d70a1d2768</marc:subfield>
    <marc:subfield code="s">12926942</marc:subfield>
    <marc:subfield code="u">https://digitallibrary.un.org/record/16145/files/A_35_22-FR.pdf</marc:subfield>
  </marc:datafield>
  <marc:datafield tag="856" ind1="4" ind2=" ">
    <marc:subfield code="y">Русский</marc:subfield>
    <marc:subfield code="9">33330a54-e5b9-4bed-b9e2-cf9ad5e65d82</marc:subfield>
    <marc:subfield code="s">5346842</marc:subfield>
    <marc:subfield code="u">https://digitallibrary.un.org/record/16145/files/A_35_22-RU.pdf</marc:subfield>
  </marc:datafield>
  <marc:datafield tag="856" ind1="4" ind2=" ">
    <marc:subfield code="y">中文</marc:subfield>
    <marc:subfield code="9">03525f79-d483-4bc1-b85b-fe079aaef170</marc:subfield>
    <marc:subfield code="s">5711074</marc:subfield>
    <marc:subfield code="u">https://digitallibrary.un.org/record/16145/files/A_35_22-ZH.pdf</marc:subfield>
  </marc:datafield>
  <marc:datafield tag="909" ind1="C" ind2="O">
    <marc:subfield code="o">oai:digitallibrary.un.org:16145</marc:subfield>
    <marc:subfield code="p">sanctions</marc:subfield>
  </marc:datafield>
  <marc:datafield tag="930" ind1=" " ind2=" ">
    <marc:subfield code="a">UNDDEC80</marc:subfield>
  </marc:datafield>
  <marc:datafield tag="930" ind1=" " ind2=" ">
    <marc:subfield code="a">HUR</marc:subfield>
    <marc:subfield code="b">009717</marc:subfield>
  </marc:datafield>
  <marc:datafield tag="930" ind1=" " ind2=" ">
    <marc:subfield code="a">DIG</marc:subfield>
  </marc:datafield>
  <marc:datafield tag="930" ind1=" " ind2=" ">
    <marc:subfield code="a">GAD</marc:subfield>
  </marc:datafield>
  <marc:datafield tag="949" ind1=" " ind2=" ">
    <marc:subfield code="9">A/35/22</marc:subfield>
    <marc:subfield code="b">mq111398</marc:subfield>
    <marc:subfield code="i">111398</marc:subfield>
    <marc:subfield code="k">unes</marc:subfield>
    <marc:subfield code="l">DHL</marc:subfield>
    <marc:subfield code="z">i</marc:subfield>
    <marc:subfield code="m">vcirc</marc:subfield>
    <marc:subfield code="d">19961229190000</marc:subfield>
  </marc:datafield>
  <marc:datafield tag="955" ind1=" " ind2=" ">
    <marc:subfield code="a">00167000</marc:subfield>
  </marc:datafield>
  <marc:datafield tag="980" ind1=" " ind2=" ">
    <marc:subfield code="a">BIB</marc:subfield>
  </marc:datafield>
  <marc:datafield tag="981" ind1=" " ind2=" ">
    <marc:subfield code="a">General Assembly</marc:subfield>
    <marc:subfield code="b">General Assembly Plenary</marc:subfield>
  </marc:datafield>
  <marc:datafield tag="989" ind1=" " ind2=" ">
    <marc:subfield code="a">Documents and Publications</marc:subfield>
    <marc:subfield code="b">Reports</marc:subfield>
    <marc:subfield code="c">Annual and Sessional Reports</marc:subfield>
  </marc:datafield>
  <marc:datafield tag="998" ind1=" " ind2=" ">
    <marc:subfield code="a">19961220000000</marc:subfield>
    <marc:subfield code="c">20170418170800</marc:subfield>
    <marc:subfield code="d">shkcat</marc:subfield>
    <marc:subfield code="x">0x00010000b6b57e98</marc:subfield>
    <marc:subfield code="z">20200214213955</marc:subfield>
  </marc:datafield>
  <marc:datafield tag="999" ind1=" " ind2=" ">
    <marc:subfield code="a">shku20170418</marc:subfield>
    <marc:subfield code="b">20170418</marc:subfield>
    <marc:subfield code="c">u</marc:subfield>
  </marc:datafield>
  <marc:datafield tag="999" ind1=" " ind2=" ">
    <marc:subfield code="a">nbu20110412</marc:subfield>
    <marc:subfield code="b">20110412</marc:subfield>
    <marc:subfield code="c">u</marc:subfield>
  </marc:datafield>
</marc:record>
</metadata></record>