<record><header><identifier>oai:digitallibrary.un.org:16148</identifier><datestamp>2025-10-06T12:59:47Z</datestamp><setSpec>sanctions</setSpec></header><metadata><marc:record xmlns:marc="http://www.loc.gov/MARC21/slim" xmlns:xsi="http://www.w3.org/2001/XMLSchema-instance" xsi:schemaLocation="http://www.loc.gov/MARC21/slim http://www.loc.gov/standards/marcxml/schema/MARC21slim.xsd" type="Bibliographic">
     <marc:leader>00962nam\\2200301#\\4500</marc:leader>
  
  <marc:controlfield tag="001">16148</marc:controlfield>
  <marc:controlfield tag="005">20251006085947.0</marc:controlfield>
  <marc:controlfield tag="008">810130s1980\\\\usa\\\\\r\\\\\\\\\\\eng\u</marc:controlfield>
  <marc:datafield tag="029" ind1=" " ind2=" ">
    <marc:subfield code="a">JN</marc:subfield>
    <marc:subfield code="b">N8027203 E</marc:subfield>
  </marc:datafield>
  <marc:datafield tag="035" ind1=" " ind2=" ">
    <marc:subfield code="a">D82636X</marc:subfield>
    <marc:subfield code="z">D0015018</marc:subfield>
  </marc:datafield>
  <marc:datafield tag="035" ind1=" " ind2=" ">
    <marc:subfield code="a">(DHL)82636</marc:subfield>
  </marc:datafield>
  <marc:datafield tag="039" ind1=" " ind2=" ">
    <marc:subfield code="a">DHU</marc:subfield>
  </marc:datafield>
  <marc:datafield tag="040" ind1=" " ind2=" ">
    <marc:subfield code="a">NNUN</marc:subfield>
    <marc:subfield code="b">eng</marc:subfield>
  </marc:datafield>
  <marc:datafield tag="041" ind1=" " ind2=" ">
    <marc:subfield code="a">arachiengfrerusspa</marc:subfield>
  </marc:datafield>
  <marc:datafield tag="049" ind1=" " ind2=" ">
    <marc:subfield code="a">usa</marc:subfield>
  </marc:datafield>
  <marc:datafield tag="089" ind1=" " ind2=" ">
    <marc:subfield code="a">Annual/sessional reports (UN)</marc:subfield>
    <marc:subfield code="b">B04</marc:subfield>
  </marc:datafield>
  <marc:datafield tag="091" ind1=" " ind2=" ">
    <marc:subfield code="a">gen</marc:subfield>
  </marc:datafield>
  <marc:datafield tag="099" ind1=" " ind2=" ">
    <marc:subfield code="a">UNH</marc:subfield>
    <marc:subfield code="b">DHU</marc:subfield>
  </marc:datafield>
  <marc:datafield tag="191" ind1=" " ind2=" ">
    <marc:subfield code="a">A/35/22/Add.3</marc:subfield>
    <marc:subfield code="b">A/</marc:subfield>
    <marc:subfield code="c">35</marc:subfield>
    <marc:subfield code="d">A/</marc:subfield>
    <marc:subfield code="e">35/22/Add.3</marc:subfield>
    <marc:subfield code="q">A3522ADD3</marc:subfield>
    <marc:subfield code="r">A35</marc:subfield>
    <marc:subfield code="0">(DHLAUTH)333013</marc:subfield>
  </marc:datafield>
  <marc:datafield tag="191" ind1=" " ind2=" ">
    <marc:subfield code="b">***</marc:subfield>
    <marc:subfield code="a">S/14156/Add.3</marc:subfield>
    <marc:subfield code="d">S/</marc:subfield>
    <marc:subfield code="e">14156/Add.3</marc:subfield>
    <marc:subfield code="q">S14156ADD3</marc:subfield>
    <marc:subfield code="0">(DHLAUTH)325910</marc:subfield>
  </marc:datafield>
  <marc:datafield tag="245" ind1="1" ind2="0">
    <marc:subfield code="a">International Conference on Sanctions against South Africa :</marc:subfield>
    <marc:subfield code="b">3rd special report of the Special Committee against Apartheid.</marc:subfield>
  </marc:datafield>
  <marc:datafield tag="260" ind1=" " ind2=" ">
    <marc:subfield code="a">New York :</marc:subfield>
    <marc:subfield code="b">UN,</marc:subfield>
    <marc:subfield code="c">3 Nov. 1980.</marc:subfield>
  </marc:datafield>
  <marc:datafield tag="269" ind1=" " ind2=" ">
    <marc:subfield code="a">1980-11-03</marc:subfield>
  </marc:datafield>
  <marc:datafield tag="300" ind1=" " ind2=" ">
    <marc:subfield code="a">[13] p., including annexes.</marc:subfield>
  </marc:datafield>
  <marc:datafield tag="500" ind1=" " ind2=" ">
    <marc:subfield code="a">To be reissued in printed form in GAOR, 35th sess., Suppl. no. 22A.</marc:subfield>
  </marc:datafield>
  <marc:datafield tag="650" ind1="0" ind2="7">
    <marc:subfield code="a">SANCTIONS</marc:subfield>
    <marc:subfield code="0">(DHLAUTH)9840</marc:subfield>
  </marc:datafield>
  <marc:datafield tag="650" ind1="0" ind2="7">
    <marc:subfield code="a">SOUTH AFRICA</marc:subfield>
    <marc:subfield code="0">(DHLAUTH)9686</marc:subfield>
  </marc:datafield>
  <marc:datafield tag="710" ind1="2" ind2="0">
    <marc:subfield code="a">UN. Special Committee against Apartheid</marc:subfield>
    <marc:subfield code="0">(DHLAUTH)49583</marc:subfield>
  </marc:datafield>
  <marc:datafield tag="856" ind1="4" ind2=" ">
    <marc:subfield code="y">العربية</marc:subfield>
    <marc:subfield code="9">4c9ce111-1b53-4639-9278-bd92a8e6fc5e</marc:subfield>
    <marc:subfield code="s">469012</marc:subfield>
    <marc:subfield code="u">https://digitallibrary.un.org/record/16148/files/A_35_22_Add.3_S_14156_Add.3-AR.pdf</marc:subfield>
  </marc:datafield>
  <marc:datafield tag="856" ind1="4" ind2=" ">
    <marc:subfield code="y">English</marc:subfield>
    <marc:subfield code="9">9af64424-643d-4038-a5de-f8a967ddc4c5</marc:subfield>
    <marc:subfield code="s">615242</marc:subfield>
    <marc:subfield code="u">https://digitallibrary.un.org/record/16148/files/A_35_22_Add.3_S_14156_Add.3-EN.pdf</marc:subfield>
  </marc:datafield>
  <marc:datafield tag="856" ind1="4" ind2=" ">
    <marc:subfield code="y">Español</marc:subfield>
    <marc:subfield code="9">28fef7bb-016b-4b1b-a4f3-8aa580809285</marc:subfield>
    <marc:subfield code="s">1516182</marc:subfield>
    <marc:subfield code="u">https://digitallibrary.un.org/record/16148/files/A_35_22_Add.3_S_14156_Add.3-ES.pdf</marc:subfield>
  </marc:datafield>
  <marc:datafield tag="856" ind1="4" ind2=" ">
    <marc:subfield code="y">Français</marc:subfield>
    <marc:subfield code="9">0ff458ca-0ff5-4b86-8ac1-706c770d35dc</marc:subfield>
    <marc:subfield code="s">1423455</marc:subfield>
    <marc:subfield code="u">https://digitallibrary.un.org/record/16148/files/A_35_22_Add.3_S_14156_Add.3-FR.pdf</marc:subfield>
  </marc:datafield>
  <marc:datafield tag="856" ind1="4" ind2=" ">
    <marc:subfield code="y">Русский</marc:subfield>
    <marc:subfield code="9">34a0114d-bdf2-4923-b187-b7abf01003e2</marc:subfield>
    <marc:subfield code="s">907529</marc:subfield>
    <marc:subfield code="u">https://digitallibrary.un.org/record/16148/files/A_35_22_Add.3_S_14156_Add.3-RU.pdf</marc:subfield>
  </marc:datafield>
  <marc:datafield tag="856" ind1="4" ind2=" ">
    <marc:subfield code="y">中文</marc:subfield>
    <marc:subfield code="9">00aa1b55-052b-40dc-bc77-4dd6ec63ce69</marc:subfield>
    <marc:subfield code="s">608905</marc:subfield>
    <marc:subfield code="u">https://digitallibrary.un.org/record/16148/files/A_35_22_Add.3_S_14156_Add.3-ZH.pdf</marc:subfield>
  </marc:datafield>
  <marc:datafield tag="909" ind1="C" ind2="O">
    <marc:subfield code="o">oai:digitallibrary.un.org:16148</marc:subfield>
    <marc:subfield code="p">sanctions</marc:subfield>
  </marc:datafield>
  <marc:datafield tag="930" ind1=" " ind2=" ">
    <marc:subfield code="a">DIG</marc:subfield>
  </marc:datafield>
  <marc:datafield tag="930" ind1=" " ind2=" ">
    <marc:subfield code="a">UNDDEC80</marc:subfield>
  </marc:datafield>
  <marc:datafield tag="955" ind1=" " ind2=" ">
    <marc:subfield code="a">00167400</marc:subfield>
  </marc:datafield>
  <marc:datafield tag="980" ind1=" " ind2=" ">
    <marc:subfield code="a">BIB</marc:subfield>
  </marc:datafield>
  <marc:datafield tag="981" ind1=" " ind2=" ">
    <marc:subfield code="a">General Assembly</marc:subfield>
    <marc:subfield code="b">General Assembly Plenary</marc:subfield>
  </marc:datafield>
  <marc:datafield tag="989" ind1=" " ind2=" ">
    <marc:subfield code="a">Documents and Publications</marc:subfield>
    <marc:subfield code="b">Reports</marc:subfield>
    <marc:subfield code="c">Annual and Sessional Reports</marc:subfield>
  </marc:datafield>
  <marc:datafield tag="998" ind1=" " ind2=" ">
    <marc:subfield code="a">19961220000000</marc:subfield>
    <marc:subfield code="c">20141030151200</marc:subfield>
    <marc:subfield code="d">amcat</marc:subfield>
    <marc:subfield code="x">0x00010000ac634cda</marc:subfield>
    <marc:subfield code="z">20200214213955</marc:subfield>
  </marc:datafield>
  <marc:datafield tag="999" ind1=" " ind2=" ">
    <marc:subfield code="a">enu20050913</marc:subfield>
    <marc:subfield code="b">20050913</marc:subfield>
    <marc:subfield code="c">u</marc:subfield>
  </marc:datafield>
</marc:record>
</metadata></record>