<record><header><identifier>oai:digitallibrary.un.org:16294</identifier><datestamp>2025-10-06T12:59:47Z</datestamp><setSpec>sanctions</setSpec></header><metadata><marc:record xmlns:marc="http://www.loc.gov/MARC21/slim" xmlns:xsi="http://www.w3.org/2001/XMLSchema-instance" xsi:schemaLocation="http://www.loc.gov/MARC21/slim http://www.loc.gov/standards/marcxml/schema/MARC21slim.xsd" type="Bibliographic">
     <marc:leader>02256naa a2200781#  4500</marc:leader>
  
  <marc:controlfield tag="001">16294</marc:controlfield>
  <marc:controlfield tag="005">20251006085947.0</marc:controlfield>
  <marc:controlfield tag="008">810129s1984    usa     r           eng u</marc:controlfield>
  <marc:datafield tag="029" ind1=" " ind2=" ">
    <marc:subfield code="a">JN</marc:subfield>
    <marc:subfield code="b">NL840208 E</marc:subfield>
  </marc:datafield>
  <marc:datafield tag="035" ind1=" " ind2=" ">
    <marc:subfield code="a">D82882X</marc:subfield>
    <marc:subfield code="z">D0015168</marc:subfield>
  </marc:datafield>
  <marc:datafield tag="035" ind1=" " ind2=" ">
    <marc:subfield code="a">(DHL)82882</marc:subfield>
  </marc:datafield>
  <marc:datafield tag="039" ind1=" " ind2=" ">
    <marc:subfield code="a">DHU</marc:subfield>
  </marc:datafield>
  <marc:datafield tag="040" ind1=" " ind2=" ">
    <marc:subfield code="a">NNUN</marc:subfield>
    <marc:subfield code="b">eng</marc:subfield>
  </marc:datafield>
  <marc:datafield tag="041" ind1=" " ind2=" ">
    <marc:subfield code="a">araengfrerusspa</marc:subfield>
  </marc:datafield>
  <marc:datafield tag="049" ind1=" " ind2=" ">
    <marc:subfield code="a">usa</marc:subfield>
  </marc:datafield>
  <marc:datafield tag="089" ind1=" " ind2=" ">
    <marc:subfield code="a">Meeting records (UN)</marc:subfield>
    <marc:subfield code="b">B03</marc:subfield>
  </marc:datafield>
  <marc:datafield tag="091" ind1=" " ind2=" ">
    <marc:subfield code="a">GEN</marc:subfield>
  </marc:datafield>
  <marc:datafield tag="099" ind1=" " ind2=" ">
    <marc:subfield code="a">UNH</marc:subfield>
    <marc:subfield code="b">DHU</marc:subfield>
  </marc:datafield>
  <marc:datafield tag="191" ind1=" " ind2=" ">
    <marc:subfield code="a">A/35/PV.23</marc:subfield>
    <marc:subfield code="b">A/</marc:subfield>
    <marc:subfield code="c">35</marc:subfield>
    <marc:subfield code="q">A35PV23</marc:subfield>
    <marc:subfield code="r">A35</marc:subfield>
    <marc:subfield code="0">(DHLAUTH)333013</marc:subfield>
  </marc:datafield>
  <marc:datafield tag="245" ind1="1" ind2="0">
    <marc:subfield code="a">General Assembly, 35th session :</marc:subfield>
    <marc:subfield code="b">23rd plenary meeting, Friday, 03 October 1980, New York</marc:subfield>
  </marc:datafield>
  <marc:datafield tag="269" ind1=" " ind2=" ">
    <marc:subfield code="a">1984</marc:subfield>
  </marc:datafield>
  <marc:datafield tag="300" ind1=" " ind2=" ">
    <marc:subfield code="a">[28] p.</marc:subfield>
  </marc:datafield>
  <marc:datafield tag="580" ind1=" " ind2=" ">
    <marc:subfield code="a">In: Official records of the General Assembly, plenary meetings, Vol. I (of 3 volumes) : verbatim records of the 1st to 33rd meetings, 16 September-10 October 1980 - UNA(01)/R3 - p. 435-462. </marc:subfield>
  </marc:datafield>
  <marc:datafield tag="596" ind1=" " ind2=" ">
    <marc:subfield code="a">Retrospective indexing.</marc:subfield>
  </marc:datafield>
  <marc:datafield tag="630" ind1="0" ind2="7">
    <marc:subfield code="a">International Development Strategy for the Third United Nations Development Decade (1980)</marc:subfield>
    <marc:subfield code="0">(DHLAUTH)45599</marc:subfield>
  </marc:datafield>
  <marc:datafield tag="630" ind1="0" ind2="7">
    <marc:subfield code="a">International Year of Disabled Persons (1981)</marc:subfield>
    <marc:subfield code="0">(DHLAUTH)70714</marc:subfield>
  </marc:datafield>
  <marc:datafield tag="630" ind1="0" ind2="7">
    <marc:subfield code="a">Declaration of the Indian Ocean as a Zone of Peace (1971)</marc:subfield>
    <marc:subfield code="0">(DHLAUTH)42638</marc:subfield>
  </marc:datafield>
  <marc:datafield tag="650" ind1="0" ind2="7">
    <marc:subfield code="a">JAMMU AND KASHMIR</marc:subfield>
    <marc:subfield code="0">(DHLAUTH)277134</marc:subfield>
  </marc:datafield>
  <marc:datafield tag="650" ind1="0" ind2="7">
    <marc:subfield code="a">INDIA</marc:subfield>
    <marc:subfield code="0">(DHLAUTH)269052</marc:subfield>
  </marc:datafield>
  <marc:datafield tag="650" ind1="0" ind2="7">
    <marc:subfield code="a">ISRAEL</marc:subfield>
    <marc:subfield code="0">(DHLAUTH)268556</marc:subfield>
  </marc:datafield>
  <marc:datafield tag="650" ind1="0" ind2="7">
    <marc:subfield code="a">LEBANON</marc:subfield>
    <marc:subfield code="0">(DHLAUTH)269069</marc:subfield>
  </marc:datafield>
  <marc:datafield tag="650" ind1="0" ind2="7">
    <marc:subfield code="a">ARMED CONFLICTS</marc:subfield>
    <marc:subfield code="0">(DHLAUTH)268752</marc:subfield>
  </marc:datafield>
  <marc:datafield tag="650" ind1="0" ind2="7">
    <marc:subfield code="a">IRAN (ISLAMIC REPUBLIC OF)</marc:subfield>
    <marc:subfield code="0">(DHLAUTH)273367</marc:subfield>
  </marc:datafield>
  <marc:datafield tag="650" ind1="0" ind2="7">
    <marc:subfield code="a">IRAQ</marc:subfield>
    <marc:subfield code="0">(DHLAUTH)273370</marc:subfield>
  </marc:datafield>
  <marc:datafield tag="650" ind1="0" ind2="7">
    <marc:subfield code="a">POLITICAL STATUS</marc:subfield>
    <marc:subfield code="0">(DHLAUTH)269002</marc:subfield>
  </marc:datafield>
  <marc:datafield tag="650" ind1="0" ind2="7">
    <marc:subfield code="a">JERUSALEM</marc:subfield>
    <marc:subfield code="0">(DHLAUTH)276743</marc:subfield>
  </marc:datafield>
  <marc:datafield tag="650" ind1="0" ind2="7">
    <marc:subfield code="a">ZONES OF PEACE</marc:subfield>
    <marc:subfield code="0">(DHLAUTH)268717</marc:subfield>
  </marc:datafield>
  <marc:datafield tag="650" ind1="0" ind2="7">
    <marc:subfield code="a">INDIAN OCEAN</marc:subfield>
    <marc:subfield code="0">(DHLAUTH)271036</marc:subfield>
  </marc:datafield>
  <marc:datafield tag="650" ind1="0" ind2="7">
    <marc:subfield code="a">SANCTIONS</marc:subfield>
    <marc:subfield code="0">(DHLAUTH)9840</marc:subfield>
  </marc:datafield>
  <marc:datafield tag="650" ind1="0" ind2="7">
    <marc:subfield code="a">SOUTH AFRICA</marc:subfield>
    <marc:subfield code="0">(DHLAUTH)9686</marc:subfield>
  </marc:datafield>
  <marc:datafield tag="650" ind1="0" ind2="7">
    <marc:subfield code="a">INTERNATIONAL SECURITY</marc:subfield>
    <marc:subfield code="0">(DHLAUTH)268587</marc:subfield>
  </marc:datafield>
  <marc:datafield tag="650" ind1="0" ind2="7">
    <marc:subfield code="a">SOUTHEAST ASIA</marc:subfield>
    <marc:subfield code="0">(DHLAUTH)275550</marc:subfield>
  </marc:datafield>
  <marc:datafield tag="650" ind1="0" ind2="7">
    <marc:subfield code="a">AFGHANISTAN SITUATION</marc:subfield>
    <marc:subfield code="0">(DHLAUTH)269033</marc:subfield>
  </marc:datafield>
  <marc:datafield tag="650" ind1="0" ind2="7">
    <marc:subfield code="a">AID PROGRAMMES</marc:subfield>
    <marc:subfield code="0">(DHLAUTH)268916</marc:subfield>
  </marc:datafield>
  <marc:datafield tag="650" ind1="0" ind2="7">
    <marc:subfield code="a">APARTHEID</marc:subfield>
    <marc:subfield code="0">(DHLAUTH)268992</marc:subfield>
  </marc:datafield>
  <marc:datafield tag="650" ind1="0" ind2="7">
    <marc:subfield code="a">ARMS RACE</marc:subfield>
    <marc:subfield code="0">(DHLAUTH)268568</marc:subfield>
  </marc:datafield>
  <marc:datafield tag="650" ind1="0" ind2="7">
    <marc:subfield code="a">ECONOMIC COOPERATION AMONG DEVELOPING COUNTRIES</marc:subfield>
    <marc:subfield code="0">(DHLAUTH)269847</marc:subfield>
  </marc:datafield>
  <marc:datafield tag="650" ind1="0" ind2="7">
    <marc:subfield code="a">ECONOMIC GAP</marc:subfield>
    <marc:subfield code="0">(DHLAUTH)269845</marc:subfield>
  </marc:datafield>
  <marc:datafield tag="650" ind1="0" ind2="7">
    <marc:subfield code="a">EUROPEAN SECURITY AND COOPERATION</marc:subfield>
    <marc:subfield code="0">(DHLAUTH)268586</marc:subfield>
  </marc:datafield>
  <marc:datafield tag="650" ind1="0" ind2="7">
    <marc:subfield code="a">DISARMAMENT</marc:subfield>
    <marc:subfield code="0">(DHLAUTH)268584</marc:subfield>
  </marc:datafield>
  <marc:datafield tag="650" ind1="0" ind2="7">
    <marc:subfield code="a">HUMAN RIGHTS</marc:subfield>
    <marc:subfield code="0">(DHLAUTH)274431</marc:subfield>
  </marc:datafield>
  <marc:datafield tag="650" ind1="0" ind2="7">
    <marc:subfield code="a">HUMAN RIGHTS ADVANCEMENT</marc:subfield>
    <marc:subfield code="0">(DHLAUTH)274478</marc:subfield>
  </marc:datafield>
  <marc:datafield tag="650" ind1="0" ind2="7">
    <marc:subfield code="a">CAMBODIA SITUATION</marc:subfield>
    <marc:subfield code="0">(DHLAUTH)269055</marc:subfield>
  </marc:datafield>
  <marc:datafield tag="650" ind1="0" ind2="7">
    <marc:subfield code="a">LAW OF THE SEA</marc:subfield>
    <marc:subfield code="0">(DHLAUTH)269478</marc:subfield>
  </marc:datafield>
  <marc:datafield tag="650" ind1="0" ind2="7">
    <marc:subfield code="a">MIDDLE EAST SITUATION</marc:subfield>
    <marc:subfield code="0">(DHLAUTH)8818</marc:subfield>
  </marc:datafield>
  <marc:datafield tag="650" ind1="0" ind2="7">
    <marc:subfield code="a">MINORITIES</marc:subfield>
    <marc:subfield code="0">(DHLAUTH)273128</marc:subfield>
  </marc:datafield>
  <marc:datafield tag="650" ind1="0" ind2="7">
    <marc:subfield code="a">NAMIBIA QUESTION</marc:subfield>
    <marc:subfield code="0">(DHLAUTH)269014</marc:subfield>
  </marc:datafield>
  <marc:datafield tag="650" ind1="0" ind2="7">
    <marc:subfield code="a">NATIONAL LIBERATION MOVEMENTS</marc:subfield>
    <marc:subfield code="0">(DHLAUTH)268431</marc:subfield>
  </marc:datafield>
  <marc:datafield tag="650" ind1="0" ind2="7">
    <marc:subfield code="a">NORTH-SOUTH RELATIONS</marc:subfield>
    <marc:subfield code="0">(DHLAUTH)268673</marc:subfield>
  </marc:datafield>
  <marc:datafield tag="650" ind1="0" ind2="7">
    <marc:subfield code="a">NUCLEAR NON-PROLIFERATION</marc:subfield>
    <marc:subfield code="0">(DHLAUTH)268951</marc:subfield>
  </marc:datafield>
  <marc:datafield tag="650" ind1="0" ind2="7">
    <marc:subfield code="a">PALESTINE QUESTION</marc:subfield>
    <marc:subfield code="0">(DHLAUTH)268363</marc:subfield>
  </marc:datafield>
  <marc:datafield tag="650" ind1="0" ind2="7">
    <marc:subfield code="a">PEACE</marc:subfield>
    <marc:subfield code="0">(DHLAUTH)268448</marc:subfield>
  </marc:datafield>
  <marc:datafield tag="650" ind1="0" ind2="7">
    <marc:subfield code="a">WESTERN SAHARA QUESTION</marc:subfield>
    <marc:subfield code="0">(DHLAUTH)269024</marc:subfield>
  </marc:datafield>
  <marc:datafield tag="650" ind1="0" ind2="7">
    <marc:subfield code="a">WOMEN'S STATUS</marc:subfield>
    <marc:subfield code="0">(DHLAUTH)269378</marc:subfield>
  </marc:datafield>
  <marc:datafield tag="650" ind1="0" ind2="7">
    <marc:subfield code="a">DEVELOPMENT STRATEGIES</marc:subfield>
    <marc:subfield code="0">(DHLAUTH)269884</marc:subfield>
  </marc:datafield>
  <marc:datafield tag="650" ind1="0" ind2="7">
    <marc:subfield code="a">PERSONS WITH DISABILITIES</marc:subfield>
    <marc:subfield code="0">(DHLAUTH)273918</marc:subfield>
  </marc:datafield>
  <marc:datafield tag="650" ind1="0" ind2="7">
    <marc:subfield code="a">INTERNATIONAL YEARS</marc:subfield>
    <marc:subfield code="0">(DHLAUTH)268664</marc:subfield>
  </marc:datafield>
  <marc:datafield tag="650" ind1="0" ind2="7">
    <marc:subfield code="a">DECLARATIONS</marc:subfield>
    <marc:subfield code="0">(DHLAUTH)275831</marc:subfield>
  </marc:datafield>
  <marc:datafield tag="856" ind1="4" ind2=" ">
    <marc:subfield code="y">العربية</marc:subfield>
    <marc:subfield code="9">ce8f777c-6161-4786-9ad0-3781d06fd533</marc:subfield>
    <marc:subfield code="s">4410889</marc:subfield>
    <marc:subfield code="u">https://digitallibrary.un.org/record/16294/files/A_35_PV.23-AR.pdf</marc:subfield>
  </marc:datafield>
  <marc:datafield tag="856" ind1="4" ind2=" ">
    <marc:subfield code="y">English</marc:subfield>
    <marc:subfield code="9">8a1e8c9f-999a-43f6-9055-17d623a0eb86</marc:subfield>
    <marc:subfield code="s">5663905</marc:subfield>
    <marc:subfield code="u">https://digitallibrary.un.org/record/16294/files/A_35_PV.23-EN.pdf</marc:subfield>
  </marc:datafield>
  <marc:datafield tag="856" ind1="4" ind2=" ">
    <marc:subfield code="y">Español</marc:subfield>
    <marc:subfield code="9">8ec61962-5c4a-40a1-8dbc-bcc33ec719e9</marc:subfield>
    <marc:subfield code="s">5737629</marc:subfield>
    <marc:subfield code="u">https://digitallibrary.un.org/record/16294/files/A_35_PV.23-ES.pdf</marc:subfield>
  </marc:datafield>
  <marc:datafield tag="856" ind1="4" ind2=" ">
    <marc:subfield code="y">Français</marc:subfield>
    <marc:subfield code="9">dd76b6fa-b51c-4eba-9afc-3bb4ac2b0ec6</marc:subfield>
    <marc:subfield code="s">4448795</marc:subfield>
    <marc:subfield code="u">https://digitallibrary.un.org/record/16294/files/A_35_PV.23-FR.pdf</marc:subfield>
  </marc:datafield>
  <marc:datafield tag="856" ind1="4" ind2=" ">
    <marc:subfield code="y">Русский</marc:subfield>
    <marc:subfield code="9">bc24c561-05b4-4ab8-b386-76ca1def9b6b</marc:subfield>
    <marc:subfield code="s">4635172</marc:subfield>
    <marc:subfield code="u">https://digitallibrary.un.org/record/16294/files/A_35_PV.23-RU.pdf</marc:subfield>
  </marc:datafield>
  <marc:datafield tag="909" ind1="C" ind2="O">
    <marc:subfield code="o">oai:digitallibrary.un.org:16294</marc:subfield>
    <marc:subfield code="p">sanctions</marc:subfield>
  </marc:datafield>
  <marc:datafield tag="930" ind1=" " ind2=" ">
    <marc:subfield code="a">UNDDEC80</marc:subfield>
  </marc:datafield>
  <marc:datafield tag="930" ind1=" " ind2=" ">
    <marc:subfield code="a">DIG</marc:subfield>
  </marc:datafield>
  <marc:datafield tag="955" ind1=" " ind2=" ">
    <marc:subfield code="a">00276100</marc:subfield>
  </marc:datafield>
  <marc:datafield tag="980" ind1=" " ind2=" ">
    <marc:subfield code="a">BIB</marc:subfield>
  </marc:datafield>
  <marc:datafield tag="981" ind1=" " ind2=" ">
    <marc:subfield code="a">General Assembly</marc:subfield>
    <marc:subfield code="b">General Assembly Plenary</marc:subfield>
  </marc:datafield>
  <marc:datafield tag="989" ind1=" " ind2=" ">
    <marc:subfield code="a">Documents and Publications</marc:subfield>
    <marc:subfield code="b">Meeting Records</marc:subfield>
    <marc:subfield code="c">Verbatim Records</marc:subfield>
  </marc:datafield>
  <marc:datafield tag="992" ind1=" " ind2=" ">
    <marc:subfield code="a">1980-10-03</marc:subfield>
  </marc:datafield>
  <marc:datafield tag="998" ind1=" " ind2=" ">
    <marc:subfield code="a">19961220000000</marc:subfield>
    <marc:subfield code="c">20210317102600</marc:subfield>
    <marc:subfield code="d">mocat</marc:subfield>
    <marc:subfield code="x">0x00010000c2fe0e18</marc:subfield>
    <marc:subfield code="z">20210317142859</marc:subfield>
  </marc:datafield>
  <marc:datafield tag="999" ind1=" " ind2=" ">
    <marc:subfield code="a">yku20130605</marc:subfield>
    <marc:subfield code="b">20130605</marc:subfield>
    <marc:subfield code="c">u</marc:subfield>
  </marc:datafield>
  <marc:datafield tag="999" ind1=" " ind2=" ">
    <marc:subfield code="a">mou20210317</marc:subfield>
    <marc:subfield code="b">20210317</marc:subfield>
    <marc:subfield code="c">u</marc:subfield>
  </marc:datafield>
</marc:record>
</metadata></record>