<record><header><identifier>oai:digitallibrary.un.org:16316</identifier><datestamp>2025-11-19T23:19:26Z</datestamp><setSpec>sanctions</setSpec></header><metadata><marc:record xmlns:marc="http://www.loc.gov/MARC21/slim" xmlns:xsi="http://www.w3.org/2001/XMLSchema-instance" xsi:schemaLocation="http://www.loc.gov/MARC21/slim http://www.loc.gov/standards/marcxml/schema/MARC21slim.xsd" type="Bibliographic">
     <marc:leader>01393naa a2200493#  4500</marc:leader>
  
  <marc:controlfield tag="001">16316</marc:controlfield>
  <marc:controlfield tag="005">20251119181926.0</marc:controlfield>
  <marc:controlfield tag="008">810130s1984    usa     r           eng u</marc:controlfield>
  <marc:datafield tag="029" ind1=" " ind2=" ">
    <marc:subfield code="a">JN</marc:subfield>
    <marc:subfield code="b">NL840238 E</marc:subfield>
  </marc:datafield>
  <marc:datafield tag="035" ind1=" " ind2=" ">
    <marc:subfield code="a">D83004X</marc:subfield>
    <marc:subfield code="z">D0015191</marc:subfield>
  </marc:datafield>
  <marc:datafield tag="035" ind1=" " ind2=" ">
    <marc:subfield code="a">(DHL)83004</marc:subfield>
  </marc:datafield>
  <marc:datafield tag="039" ind1=" " ind2=" ">
    <marc:subfield code="a">DHU</marc:subfield>
  </marc:datafield>
  <marc:datafield tag="040" ind1=" " ind2=" ">
    <marc:subfield code="a">NNUN</marc:subfield>
    <marc:subfield code="b">eng</marc:subfield>
  </marc:datafield>
  <marc:datafield tag="041" ind1=" " ind2=" ">
    <marc:subfield code="a">arachiengfrerusspa</marc:subfield>
  </marc:datafield>
  <marc:datafield tag="049" ind1=" " ind2=" ">
    <marc:subfield code="a">usa</marc:subfield>
  </marc:datafield>
  <marc:datafield tag="089" ind1=" " ind2=" ">
    <marc:subfield code="a">Meeting records (UN)</marc:subfield>
    <marc:subfield code="b">B03</marc:subfield>
  </marc:datafield>
  <marc:datafield tag="089" ind1=" " ind2=" ">
    <marc:subfield code="a">Voting (UN)</marc:subfield>
    <marc:subfield code="b">B07</marc:subfield>
  </marc:datafield>
  <marc:datafield tag="091" ind1=" " ind2=" ">
    <marc:subfield code="a">GEN</marc:subfield>
  </marc:datafield>
  <marc:datafield tag="099" ind1=" " ind2=" ">
    <marc:subfield code="a">UNH</marc:subfield>
    <marc:subfield code="b">DHU</marc:subfield>
  </marc:datafield>
  <marc:datafield tag="191" ind1=" " ind2=" ">
    <marc:subfield code="a">A/35/PV.56</marc:subfield>
    <marc:subfield code="b">A/</marc:subfield>
    <marc:subfield code="c">35</marc:subfield>
    <marc:subfield code="q">A35PV56</marc:subfield>
    <marc:subfield code="r">A35</marc:subfield>
    <marc:subfield code="0">(DHLAUTH)333013</marc:subfield>
  </marc:datafield>
  <marc:datafield tag="245" ind1="1" ind2="0">
    <marc:subfield code="a">General Assembly, 35th session :</marc:subfield>
    <marc:subfield code="b">56th plenary meeting, Tuesday, 11 November 1980, New York</marc:subfield>
  </marc:datafield>
  <marc:datafield tag="269" ind1=" " ind2=" ">
    <marc:subfield code="a">1984</marc:subfield>
  </marc:datafield>
  <marc:datafield tag="300" ind1=" " ind2=" ">
    <marc:subfield code="a">[16] p.</marc:subfield>
  </marc:datafield>
  <marc:datafield tag="580" ind1=" " ind2=" ">
    <marc:subfield code="a">In: Official records of the General Assembly, plenary meetings, Vol. II (of 3 volumes) : verbatim records of the 34th to 79th meetings, 13 October-03 December 1980 - UNA(01)/R3 - p. 975-990. </marc:subfield>
  </marc:datafield>
  <marc:datafield tag="596" ind1=" " ind2=" ">
    <marc:subfield code="a">Retrospective indexing.</marc:subfield>
  </marc:datafield>
  <marc:datafield tag="610" ind1="2" ind2="7">
    <marc:subfield code="a">UN. SPECIAL COMMITTEE AGAINST APARTHEID</marc:subfield>
    <marc:subfield code="g">ACTIVITIES (1979-1980)</marc:subfield>
    <marc:subfield code="0">(DHLAUTH)337712</marc:subfield>
  </marc:datafield>
  <marc:datafield tag="610" ind1="2" ind2="7">
    <marc:subfield code="a">UN. Special Committee on the Situation with regard to the Implementation of the Declaration on the Granting of Independence to Colonial Countries and Peoples</marc:subfield>
    <marc:subfield code="0">(DHLAUTH)49575</marc:subfield>
  </marc:datafield>
  <marc:datafield tag="630" ind1="0" ind2="7">
    <marc:subfield code="a">UN Educational and Training Programme for Southern Africa</marc:subfield>
    <marc:subfield code="0">(DHLAUTH)53623</marc:subfield>
  </marc:datafield>
  <marc:datafield tag="650" ind1="0" ind2="7">
    <marc:subfield code="a">BELIZE</marc:subfield>
    <marc:subfield code="0">(DHLAUTH)275517</marc:subfield>
  </marc:datafield>
  <marc:datafield tag="650" ind1="0" ind2="7">
    <marc:subfield code="a">ISRAEL</marc:subfield>
    <marc:subfield code="0">(DHLAUTH)268556</marc:subfield>
  </marc:datafield>
  <marc:datafield tag="650" ind1="0" ind2="7">
    <marc:subfield code="a">SOUTH AFRICA</marc:subfield>
    <marc:subfield code="0">(DHLAUTH)9686</marc:subfield>
  </marc:datafield>
  <marc:datafield tag="650" ind1="0" ind2="7">
    <marc:subfield code="a">TRAINING PROGRAMMES</marc:subfield>
    <marc:subfield code="0">(DHLAUTH)274026</marc:subfield>
  </marc:datafield>
  <marc:datafield tag="650" ind1="0" ind2="7">
    <marc:subfield code="a">SOUTHERN AFRICA</marc:subfield>
    <marc:subfield code="0">(DHLAUTH)275464</marc:subfield>
  </marc:datafield>
  <marc:datafield tag="650" ind1="0" ind2="7">
    <marc:subfield code="a">APARTHEID</marc:subfield>
    <marc:subfield code="0">(DHLAUTH)268992</marc:subfield>
  </marc:datafield>
  <marc:datafield tag="650" ind1="0" ind2="7">
    <marc:subfield code="a">DECOLONIZATION</marc:subfield>
    <marc:subfield code="0">(DHLAUTH)268444</marc:subfield>
  </marc:datafield>
  <marc:datafield tag="650" ind1="0" ind2="7">
    <marc:subfield code="a">EAST TIMOR QUESTION</marc:subfield>
    <marc:subfield code="0">(DHLAUTH)269011</marc:subfield>
  </marc:datafield>
  <marc:datafield tag="650" ind1="0" ind2="7">
    <marc:subfield code="a">FELLOWSHIPS</marc:subfield>
    <marc:subfield code="0">(DHLAUTH)274023</marc:subfield>
  </marc:datafield>
  <marc:datafield tag="650" ind1="0" ind2="7">
    <marc:subfield code="a">FOREIGN INTERESTS</marc:subfield>
    <marc:subfield code="0">(DHLAUTH)268719</marc:subfield>
  </marc:datafield>
  <marc:datafield tag="650" ind1="0" ind2="7">
    <marc:subfield code="a">INTERNATIONAL ORGANIZATIONS</marc:subfield>
    <marc:subfield code="0">(DHLAUTH)268671</marc:subfield>
  </marc:datafield>
  <marc:datafield tag="650" ind1="0" ind2="7">
    <marc:subfield code="a">POLITICAL STATUS</marc:subfield>
    <marc:subfield code="0">(DHLAUTH)269002</marc:subfield>
  </marc:datafield>
  <marc:datafield tag="650" ind1="0" ind2="7">
    <marc:subfield code="a">NON-SELF-GOVERNING TERRITORIES</marc:subfield>
    <marc:subfield code="0">(DHLAUTH)268999</marc:subfield>
  </marc:datafield>
  <marc:datafield tag="650" ind1="0" ind2="7">
    <marc:subfield code="a">SANCTIONS</marc:subfield>
    <marc:subfield code="0">(DHLAUTH)9840</marc:subfield>
  </marc:datafield>
  <marc:datafield tag="650" ind1="0" ind2="7">
    <marc:subfield code="a">SPORTS</marc:subfield>
    <marc:subfield code="0">(DHLAUTH)273712</marc:subfield>
  </marc:datafield>
  <marc:datafield tag="650" ind1="0" ind2="7">
    <marc:subfield code="a">WESTERN SAHARA QUESTION</marc:subfield>
    <marc:subfield code="0">(DHLAUTH)269024</marc:subfield>
  </marc:datafield>
  <marc:datafield tag="650" ind1="0" ind2="7">
    <marc:subfield code="a">TREATIES</marc:subfield>
    <marc:subfield code="0">(DHLAUTH)9632</marc:subfield>
  </marc:datafield>
  <marc:datafield tag="856" ind1="4" ind2=" ">
    <marc:subfield code="y">العربية</marc:subfield>
    <marc:subfield code="9">60e69f90-a22b-4c09-bf3d-3978e6692940</marc:subfield>
    <marc:subfield code="s">2425394</marc:subfield>
    <marc:subfield code="u">https://digitallibrary.un.org/record/16316/files/A_35_PV.56-AR.pdf</marc:subfield>
  </marc:datafield>
  <marc:datafield tag="856" ind1="4" ind2=" ">
    <marc:subfield code="y">English</marc:subfield>
    <marc:subfield code="9">16bc0ffe-3c43-4ab1-be74-ae4637725ad8</marc:subfield>
    <marc:subfield code="s">2739174</marc:subfield>
    <marc:subfield code="u">https://digitallibrary.un.org/record/16316/files/A_35_PV.56-EN.pdf</marc:subfield>
  </marc:datafield>
  <marc:datafield tag="856" ind1="4" ind2=" ">
    <marc:subfield code="y">Español</marc:subfield>
    <marc:subfield code="9">0cd6ae1f-be97-4dd7-96ea-06d263c99fd5</marc:subfield>
    <marc:subfield code="s">3305013</marc:subfield>
    <marc:subfield code="u">https://digitallibrary.un.org/record/16316/files/A_35_PV.56-ES.pdf</marc:subfield>
  </marc:datafield>
  <marc:datafield tag="856" ind1="4" ind2=" ">
    <marc:subfield code="y">Français</marc:subfield>
    <marc:subfield code="9">c424ea30-8d07-4a61-904e-c9ce475f3ae5</marc:subfield>
    <marc:subfield code="s">2861057</marc:subfield>
    <marc:subfield code="u">https://digitallibrary.un.org/record/16316/files/A_35_PV.56-FR.pdf</marc:subfield>
  </marc:datafield>
  <marc:datafield tag="856" ind1="4" ind2=" ">
    <marc:subfield code="y">Русский</marc:subfield>
    <marc:subfield code="9">1fbddb51-a61d-444a-a269-1cb1ddfa5cdc</marc:subfield>
    <marc:subfield code="s">2399714</marc:subfield>
    <marc:subfield code="u">https://digitallibrary.un.org/record/16316/files/A_35_PV.56-RU.pdf</marc:subfield>
  </marc:datafield>
  <marc:datafield tag="856" ind1="4" ind2=" ">
    <marc:subfield code="y">中文</marc:subfield>
    <marc:subfield code="9">876eff51-4688-4e14-9d14-c5e33768f853</marc:subfield>
    <marc:subfield code="s">1790666</marc:subfield>
    <marc:subfield code="u">https://digitallibrary.un.org/record/16316/files/A_35_PV.56-ZH.pdf</marc:subfield>
  </marc:datafield>
  <marc:datafield tag="909" ind1="C" ind2="O">
    <marc:subfield code="o">oai:digitallibrary.un.org:16316</marc:subfield>
    <marc:subfield code="p">sanctions</marc:subfield>
  </marc:datafield>
  <marc:datafield tag="930" ind1=" " ind2=" ">
    <marc:subfield code="a">UNDDEC80</marc:subfield>
  </marc:datafield>
  <marc:datafield tag="930" ind1=" " ind2=" ">
    <marc:subfield code="a">DIG</marc:subfield>
  </marc:datafield>
  <marc:datafield tag="955" ind1=" " ind2=" ">
    <marc:subfield code="a">00279500</marc:subfield>
  </marc:datafield>
  <marc:datafield tag="980" ind1=" " ind2=" ">
    <marc:subfield code="a">BIB</marc:subfield>
  </marc:datafield>
  <marc:datafield tag="981" ind1=" " ind2=" ">
    <marc:subfield code="a">General Assembly</marc:subfield>
    <marc:subfield code="b">General Assembly Plenary</marc:subfield>
  </marc:datafield>
  <marc:datafield tag="989" ind1=" " ind2=" ">
    <marc:subfield code="a">Documents and Publications</marc:subfield>
    <marc:subfield code="b">Meeting Records</marc:subfield>
    <marc:subfield code="c">Verbatim Records</marc:subfield>
  </marc:datafield>
  <marc:datafield tag="992" ind1=" " ind2=" ">
    <marc:subfield code="a">1980-11-11</marc:subfield>
  </marc:datafield>
  <marc:datafield tag="998" ind1=" " ind2=" ">
    <marc:subfield code="a">19961220000000</marc:subfield>
    <marc:subfield code="c">20210322122000</marc:subfield>
    <marc:subfield code="d">mocat</marc:subfield>
    <marc:subfield code="x">0x00010000c307e5f0</marc:subfield>
    <marc:subfield code="z">20210322162323</marc:subfield>
  </marc:datafield>
  <marc:datafield tag="999" ind1=" " ind2=" ">
    <marc:subfield code="a">yku20130606</marc:subfield>
    <marc:subfield code="b">20130606</marc:subfield>
    <marc:subfield code="c">u</marc:subfield>
  </marc:datafield>
  <marc:datafield tag="999" ind1=" " ind2=" ">
    <marc:subfield code="a">mou20210322</marc:subfield>
    <marc:subfield code="b">20210322</marc:subfield>
    <marc:subfield code="c">u</marc:subfield>
  </marc:datafield>
</marc:record>
</metadata></record>