<record><header><identifier>oai:digitallibrary.un.org:16543</identifier><datestamp>2026-04-10T20:55:20Z</datestamp><setSpec>sanctions</setSpec></header><metadata><marc:record xmlns:marc="http://www.loc.gov/MARC21/slim" xmlns:xsi="http://www.w3.org/2001/XMLSchema-instance" xsi:schemaLocation="http://www.loc.gov/MARC21/slim http://www.loc.gov/standards/marcxml/schema/MARC21slim.xsd" type="Bibliographic">
     <marc:leader>01666nam a2200541#  4500961220961220</marc:leader>
  
  <marc:controlfield tag="001">16543</marc:controlfield>
  <marc:controlfield tag="005">20260410165519.0</marc:controlfield>
  <marc:controlfield tag="008">810129s1980    usa     r           eng u</marc:controlfield>
  <marc:datafield tag="035" ind1=" " ind2=" ">
    <marc:subfield code="a">D83332X</marc:subfield>
    <marc:subfield code="z">D0015419</marc:subfield>
  </marc:datafield>
  <marc:datafield tag="035" ind1=" " ind2=" ">
    <marc:subfield code="a">(DHL)83332</marc:subfield>
  </marc:datafield>
  <marc:datafield tag="039" ind1=" " ind2=" ">
    <marc:subfield code="a">DHU</marc:subfield>
  </marc:datafield>
  <marc:datafield tag="040" ind1=" " ind2=" ">
    <marc:subfield code="a">NNUN</marc:subfield>
    <marc:subfield code="b">eng</marc:subfield>
  </marc:datafield>
  <marc:datafield tag="041" ind1=" " ind2=" ">
    <marc:subfield code="a">engfrerus</marc:subfield>
  </marc:datafield>
  <marc:datafield tag="049" ind1=" " ind2=" ">
    <marc:subfield code="a">usa</marc:subfield>
  </marc:datafield>
  <marc:datafield tag="089" ind1=" " ind2=" ">
    <marc:subfield code="a">Meeting records (UN)</marc:subfield>
    <marc:subfield code="b">B03</marc:subfield>
  </marc:datafield>
  <marc:datafield tag="089" ind1=" " ind2=" ">
    <marc:subfield code="a">Voting (UN)</marc:subfield>
    <marc:subfield code="b">B07</marc:subfield>
  </marc:datafield>
  <marc:datafield tag="091" ind1=" " ind2=" ">
    <marc:subfield code="a">GEN</marc:subfield>
  </marc:datafield>
  <marc:datafield tag="099" ind1=" " ind2=" ">
    <marc:subfield code="a">UNH</marc:subfield>
    <marc:subfield code="b">DHU</marc:subfield>
  </marc:datafield>
  <marc:datafield tag="191" ind1=" " ind2=" ">
    <marc:subfield code="a">A/C.3/35/SR.33</marc:subfield>
    <marc:subfield code="b">A/</marc:subfield>
    <marc:subfield code="c">35</marc:subfield>
    <marc:subfield code="d">A/C.3/</marc:subfield>
    <marc:subfield code="e">35/SR.33</marc:subfield>
    <marc:subfield code="q">AC335SR33</marc:subfield>
    <marc:subfield code="r">A35</marc:subfield>
    <marc:subfield code="0">(DHLAUTH)333013</marc:subfield>
  </marc:datafield>
  <marc:datafield tag="245" ind1="1" ind2="0">
    <marc:subfield code="a">General Assembly official records, 35th session :</marc:subfield>
    <marc:subfield code="b">3rd Committee, 33rd meeting, Monday, 27 October 1980, New York</marc:subfield>
  </marc:datafield>
  <marc:datafield tag="260" ind1=" " ind2=" ">
    <marc:subfield code="a">New York :</marc:subfield>
    <marc:subfield code="b">UN,</marc:subfield>
    <marc:subfield code="c">3 Nov. 1980.</marc:subfield>
  </marc:datafield>
  <marc:datafield tag="269" ind1=" " ind2=" ">
    <marc:subfield code="a">1980-11-03</marc:subfield>
  </marc:datafield>
  <marc:datafield tag="300" ind1=" " ind2=" ">
    <marc:subfield code="a">15 p.</marc:subfield>
  </marc:datafield>
  <marc:datafield tag="495" ind1=" " ind2=" ">
    <marc:subfield code="a">GAOR, 35th sess., 3rd Committee</marc:subfield>
  </marc:datafield>
  <marc:datafield tag="610" ind1="2" ind2="7">
    <marc:subfield code="a">UN. Committee on the Elimination of Racial Discrimination</marc:subfield>
    <marc:subfield code="0">(DHLAUTH)81024</marc:subfield>
  </marc:datafield>
  <marc:datafield tag="630" ind1="0" ind2="7">
    <marc:subfield code="a">International Convention on the Elimination of All Forms of Racial Discrimination (1965)</marc:subfield>
    <marc:subfield code="0">(DHLAUTH)34543</marc:subfield>
  </marc:datafield>
  <marc:datafield tag="630" ind1="0" ind2="7">
    <marc:subfield code="a">International Convention on the Suppression and Punishment of the Crime of Apartheid (1973)</marc:subfield>
    <marc:subfield code="0">(DHLAUTH)42276</marc:subfield>
  </marc:datafield>
  <marc:datafield tag="650" ind1="0" ind2="7">
    <marc:subfield code="a">AID PROGRAMMES</marc:subfield>
    <marc:subfield code="0">(DHLAUTH)268916</marc:subfield>
  </marc:datafield>
  <marc:datafield tag="650" ind1="0" ind2="7">
    <marc:subfield code="a">NATIONAL LIBERATION MOVEMENTS</marc:subfield>
    <marc:subfield code="0">(DHLAUTH)268431</marc:subfield>
  </marc:datafield>
  <marc:datafield tag="650" ind1="0" ind2="7">
    <marc:subfield code="a">AFRICA</marc:subfield>
    <marc:subfield code="0">(DHLAUTH)268560</marc:subfield>
  </marc:datafield>
  <marc:datafield tag="650" ind1="0" ind2="7">
    <marc:subfield code="a">ARMS EMBARGO</marc:subfield>
    <marc:subfield code="0">(DHLAUTH)268736</marc:subfield>
  </marc:datafield>
  <marc:datafield tag="650" ind1="0" ind2="7">
    <marc:subfield code="a">BANK LOANS</marc:subfield>
    <marc:subfield code="0">(DHLAUTH)270338</marc:subfield>
  </marc:datafield>
  <marc:datafield tag="650" ind1="0" ind2="7">
    <marc:subfield code="a">FOREIGN INVESTMENTS</marc:subfield>
    <marc:subfield code="0">(DHLAUTH)269953</marc:subfield>
  </marc:datafield>
  <marc:datafield tag="650" ind1="0" ind2="7">
    <marc:subfield code="a">MILITARY RELATIONS</marc:subfield>
    <marc:subfield code="0">(DHLAUTH)8827</marc:subfield>
  </marc:datafield>
  <marc:datafield tag="650" ind1="0" ind2="7">
    <marc:subfield code="a">NUCLEAR WEAPONS</marc:subfield>
    <marc:subfield code="0">(DHLAUTH)268852</marc:subfield>
  </marc:datafield>
  <marc:datafield tag="650" ind1="0" ind2="7">
    <marc:subfield code="a">OIL EMBARGO</marc:subfield>
    <marc:subfield code="0">(DHLAUTH)12716</marc:subfield>
  </marc:datafield>
  <marc:datafield tag="650" ind1="0" ind2="7">
    <marc:subfield code="a">SANCTIONS</marc:subfield>
    <marc:subfield code="0">(DHLAUTH)9840</marc:subfield>
  </marc:datafield>
  <marc:datafield tag="650" ind1="0" ind2="7">
    <marc:subfield code="a">SOUTH AFRICA</marc:subfield>
    <marc:subfield code="0">(DHLAUTH)9686</marc:subfield>
  </marc:datafield>
  <marc:datafield tag="650" ind1="0" ind2="7">
    <marc:subfield code="a">FOREIGN INTERESTS</marc:subfield>
    <marc:subfield code="0">(DHLAUTH)268719</marc:subfield>
  </marc:datafield>
  <marc:datafield tag="650" ind1="0" ind2="7">
    <marc:subfield code="a">HUMAN RIGHTS</marc:subfield>
    <marc:subfield code="0">(DHLAUTH)274431</marc:subfield>
  </marc:datafield>
  <marc:datafield tag="650" ind1="0" ind2="7">
    <marc:subfield code="a">SOUTHERN AFRICA</marc:subfield>
    <marc:subfield code="0">(DHLAUTH)275464</marc:subfield>
  </marc:datafield>
  <marc:datafield tag="650" ind1="0" ind2="7">
    <marc:subfield code="a">APARTHEID</marc:subfield>
    <marc:subfield code="0">(DHLAUTH)268992</marc:subfield>
  </marc:datafield>
  <marc:datafield tag="650" ind1="0" ind2="7">
    <marc:subfield code="a">RACIAL DISCRIMINATION</marc:subfield>
    <marc:subfield code="0">(DHLAUTH)268993</marc:subfield>
  </marc:datafield>
  <marc:datafield tag="650" ind1="0" ind2="7">
    <marc:subfield code="a">SELF-DETERMINATION OF PEOPLES</marc:subfield>
    <marc:subfield code="0">(DHLAUTH)268433</marc:subfield>
  </marc:datafield>
  <marc:datafield tag="650" ind1="0" ind2="7">
    <marc:subfield code="a">SIGNATURES, ACCESSIONS, RATIFICATIONS</marc:subfield>
    <marc:subfield code="0">(DHLAUTH)275982</marc:subfield>
  </marc:datafield>
  <marc:datafield tag="650" ind1="0" ind2="7">
    <marc:subfield code="a">TREATIES</marc:subfield>
    <marc:subfield code="0">(DHLAUTH)9632</marc:subfield>
  </marc:datafield>
  <marc:datafield tag="650" ind1="0" ind2="7">
    <marc:subfield code="a">CALENDAR OF MEETINGS</marc:subfield>
    <marc:subfield code="0">(DHLAUTH)275757</marc:subfield>
  </marc:datafield>
  <marc:datafield tag="856" ind1="4" ind2=" ">
    <marc:subfield code="y">English</marc:subfield>
    <marc:subfield code="9">94b04a39-61e2-4fc0-99ee-955c40f117ca</marc:subfield>
    <marc:subfield code="s">1349843</marc:subfield>
    <marc:subfield code="u">https://digitallibrary.un.org/record/16543/files/A_C.3_35_SR.33-EN.pdf</marc:subfield>
  </marc:datafield>
  <marc:datafield tag="909" ind1="C" ind2="O">
    <marc:subfield code="o">oai:digitallibrary.un.org:16543</marc:subfield>
    <marc:subfield code="p">sanctions</marc:subfield>
  </marc:datafield>
  <marc:datafield tag="930" ind1=" " ind2=" ">
    <marc:subfield code="a">UNDDEC80</marc:subfield>
  </marc:datafield>
  <marc:datafield tag="955" ind1=" " ind2=" ">
    <marc:subfield code="a">04092800</marc:subfield>
  </marc:datafield>
  <marc:datafield tag="980" ind1=" " ind2=" ">
    <marc:subfield code="a">BIB</marc:subfield>
  </marc:datafield>
  <marc:datafield tag="981" ind1=" " ind2=" ">
    <marc:subfield code="a">General Assembly</marc:subfield>
    <marc:subfield code="b">3rd Committee</marc:subfield>
  </marc:datafield>
  <marc:datafield tag="989" ind1=" " ind2=" ">
    <marc:subfield code="a">Documents and Publications</marc:subfield>
    <marc:subfield code="b">Meeting Records</marc:subfield>
    <marc:subfield code="c">Summary Records</marc:subfield>
  </marc:datafield>
  <marc:datafield tag="992" ind1=" " ind2=" ">
    <marc:subfield code="a">1980-10-27</marc:subfield>
  </marc:datafield>
  <marc:datafield tag="998" ind1=" " ind2=" ">
    <marc:subfield code="a">19961220000000</marc:subfield>
    <marc:subfield code="c">20220623110100</marc:subfield>
    <marc:subfield code="d">arcat</marc:subfield>
    <marc:subfield code="x">0x00010000c6a5e885</marc:subfield>
    <marc:subfield code="z">20220623150151</marc:subfield>
  </marc:datafield>
  <marc:datafield tag="999" ind1=" " ind2=" ">
    <marc:subfield code="a">pnu20210218</marc:subfield>
    <marc:subfield code="b">20210218</marc:subfield>
    <marc:subfield code="c">u</marc:subfield>
  </marc:datafield>
  <marc:datafield tag="999" ind1=" " ind2=" ">
    <marc:subfield code="a">aru20220623</marc:subfield>
    <marc:subfield code="b">20220623</marc:subfield>
    <marc:subfield code="c">u</marc:subfield>
  </marc:datafield>
</marc:record>
</metadata></record>