<record><header><identifier>oai:digitallibrary.un.org:16580</identifier><datestamp>2025-10-06T12:59:48Z</datestamp><setSpec>sanctions</setSpec></header><metadata><marc:record xmlns:marc="http://www.loc.gov/MARC21/slim" xmlns:xsi="http://www.w3.org/2001/XMLSchema-instance" xsi:schemaLocation="http://www.loc.gov/MARC21/slim http://www.loc.gov/standards/marcxml/schema/MARC21slim.xsd" type="Bibliographic">
     <marc:leader>01695nam a2200493#  4500961220961220</marc:leader>
  
  <marc:controlfield tag="001">16580</marc:controlfield>
  <marc:controlfield tag="005">20251006085948.0</marc:controlfield>
  <marc:controlfield tag="008">810130s1980    usa     r           eng u</marc:controlfield>
  <marc:datafield tag="029" ind1=" " ind2=" ">
    <marc:subfield code="a">JN</marc:subfield>
    <marc:subfield code="b">N8027677 E</marc:subfield>
  </marc:datafield>
  <marc:datafield tag="035" ind1=" " ind2=" ">
    <marc:subfield code="a">D83369X</marc:subfield>
    <marc:subfield code="z">D0015456</marc:subfield>
  </marc:datafield>
  <marc:datafield tag="035" ind1=" " ind2=" ">
    <marc:subfield code="a">(DHL)83369</marc:subfield>
  </marc:datafield>
  <marc:datafield tag="039" ind1=" " ind2=" ">
    <marc:subfield code="a">DHU</marc:subfield>
  </marc:datafield>
  <marc:datafield tag="040" ind1=" " ind2=" ">
    <marc:subfield code="a">NNUN</marc:subfield>
    <marc:subfield code="b">eng</marc:subfield>
  </marc:datafield>
  <marc:datafield tag="041" ind1=" " ind2=" ">
    <marc:subfield code="a">engarachifrerusspa</marc:subfield>
  </marc:datafield>
  <marc:datafield tag="049" ind1=" " ind2=" ">
    <marc:subfield code="a">usa</marc:subfield>
  </marc:datafield>
  <marc:datafield tag="089" ind1=" " ind2=" ">
    <marc:subfield code="a">Resolutions and decisions (UN) -- Draft</marc:subfield>
    <marc:subfield code="b">B02</marc:subfield>
  </marc:datafield>
  <marc:datafield tag="091" ind1=" " ind2=" ">
    <marc:subfield code="a">ltd</marc:subfield>
  </marc:datafield>
  <marc:datafield tag="099" ind1=" " ind2=" ">
    <marc:subfield code="a">UNH</marc:subfield>
    <marc:subfield code="b">DHU</marc:subfield>
  </marc:datafield>
  <marc:datafield tag="191" ind1=" " ind2=" ">
    <marc:subfield code="a">A/C.4/35/L.17</marc:subfield>
    <marc:subfield code="b">A/</marc:subfield>
    <marc:subfield code="c">35</marc:subfield>
    <marc:subfield code="d">A/C.4/</marc:subfield>
    <marc:subfield code="e">35/L.17</marc:subfield>
    <marc:subfield code="q">AC435L17</marc:subfield>
    <marc:subfield code="r">A35</marc:subfield>
    <marc:subfield code="0">(DHLAUTH)333013</marc:subfield>
  </marc:datafield>
  <marc:datafield tag="245" ind1="1" ind2="0">
    <marc:subfield code="a">Activities of foreign economic and other interests which are impeding the implementation of the Declaration on the Granting of Independence to Colonial Countries and Peoples in Namibia and in all other Territories under colonial domination and efforts to eliminate colonialism, apartheid and racial discrimination in southern Africa :</marc:subfield>
    <marc:subfield code="b">draft resolution /</marc:subfield>
    <marc:subfield code="c">Algeria, Angola, Congo, Ethiopia, Guinea, Guinea-Bissau, Madagascar, Mozambique, Sao Tome and Principe, Senegal, Seychelles, Zambia and Zimbabwe</marc:subfield>
  </marc:datafield>
  <marc:datafield tag="260" ind1=" " ind2=" ">
    <marc:subfield code="a">[New York] :</marc:subfield>
    <marc:subfield code="b">UN,</marc:subfield>
    <marc:subfield code="c">4 Nov. 1980</marc:subfield>
  </marc:datafield>
  <marc:datafield tag="269" ind1=" " ind2=" ">
    <marc:subfield code="a">1980-11-04</marc:subfield>
  </marc:datafield>
  <marc:datafield tag="300" ind1=" " ind2=" ">
    <marc:subfield code="a">6 p.</marc:subfield>
  </marc:datafield>
  <marc:datafield tag="596" ind1=" " ind2=" ">
    <marc:subfield code="a">Reissued for technical reasons.</marc:subfield>
  </marc:datafield>
  <marc:datafield tag="650" ind1="0" ind2="7">
    <marc:subfield code="a">NATURAL RESOURCES</marc:subfield>
    <marc:subfield code="0">(DHLAUTH)270548</marc:subfield>
  </marc:datafield>
  <marc:datafield tag="650" ind1="0" ind2="7">
    <marc:subfield code="a">PERMANENT SOVEREIGNTY</marc:subfield>
    <marc:subfield code="0">(DHLAUTH)269510</marc:subfield>
  </marc:datafield>
  <marc:datafield tag="650" ind1="0" ind2="7">
    <marc:subfield code="a">NAMIBIA</marc:subfield>
    <marc:subfield code="0">(DHLAUTH)10100</marc:subfield>
  </marc:datafield>
  <marc:datafield tag="650" ind1="0" ind2="7">
    <marc:subfield code="a">FOREIGN INTERESTS</marc:subfield>
    <marc:subfield code="0">(DHLAUTH)268719</marc:subfield>
  </marc:datafield>
  <marc:datafield tag="650" ind1="0" ind2="7">
    <marc:subfield code="a">SANCTIONS</marc:subfield>
    <marc:subfield code="0">(DHLAUTH)9840</marc:subfield>
  </marc:datafield>
  <marc:datafield tag="650" ind1="0" ind2="7">
    <marc:subfield code="a">SOUTH AFRICA</marc:subfield>
    <marc:subfield code="0">(DHLAUTH)9686</marc:subfield>
  </marc:datafield>
  <marc:datafield tag="650" ind1="0" ind2="7">
    <marc:subfield code="a">DECOLONIZATION</marc:subfield>
    <marc:subfield code="0">(DHLAUTH)268444</marc:subfield>
  </marc:datafield>
  <marc:datafield tag="710" ind1="2" ind2="0">
    <marc:subfield code="a">Algeria</marc:subfield>
    <marc:subfield code="9">ms</marc:subfield>
    <marc:subfield code="0">(DHLAUTH)39601</marc:subfield>
  </marc:datafield>
  <marc:datafield tag="710" ind1="2" ind2="0">
    <marc:subfield code="a">Angola</marc:subfield>
    <marc:subfield code="9">ms</marc:subfield>
    <marc:subfield code="0">(DHLAUTH)71941</marc:subfield>
  </marc:datafield>
  <marc:datafield tag="710" ind1="2" ind2="0">
    <marc:subfield code="a">Congo</marc:subfield>
    <marc:subfield code="9">ms</marc:subfield>
    <marc:subfield code="0">(DHLAUTH)59541</marc:subfield>
  </marc:datafield>
  <marc:datafield tag="710" ind1="2" ind2="0">
    <marc:subfield code="a">Ethiopia</marc:subfield>
    <marc:subfield code="9">ms</marc:subfield>
    <marc:subfield code="0">(DHLAUTH)72173</marc:subfield>
  </marc:datafield>
  <marc:datafield tag="710" ind1="2" ind2="0">
    <marc:subfield code="a">Guinea</marc:subfield>
    <marc:subfield code="9">ms</marc:subfield>
    <marc:subfield code="0">(DHLAUTH)72283</marc:subfield>
  </marc:datafield>
  <marc:datafield tag="710" ind1="2" ind2="0">
    <marc:subfield code="a">Guinea-Bissau</marc:subfield>
    <marc:subfield code="9">ms</marc:subfield>
    <marc:subfield code="0">(DHLAUTH)72285</marc:subfield>
  </marc:datafield>
  <marc:datafield tag="710" ind1="2" ind2="0">
    <marc:subfield code="a">Madagascar</marc:subfield>
    <marc:subfield code="9">ms</marc:subfield>
    <marc:subfield code="0">(DHLAUTH)39897</marc:subfield>
  </marc:datafield>
  <marc:datafield tag="710" ind1="2" ind2="0">
    <marc:subfield code="a">Mozambique</marc:subfield>
    <marc:subfield code="9">ms</marc:subfield>
    <marc:subfield code="0">(DHLAUTH)72609</marc:subfield>
  </marc:datafield>
  <marc:datafield tag="710" ind1="2" ind2="0">
    <marc:subfield code="a">Sao Tome and Principe</marc:subfield>
    <marc:subfield code="9">ms</marc:subfield>
    <marc:subfield code="0">(DHLAUTH)72825</marc:subfield>
  </marc:datafield>
  <marc:datafield tag="710" ind1="2" ind2="0">
    <marc:subfield code="a">Senegal</marc:subfield>
    <marc:subfield code="9">ms</marc:subfield>
    <marc:subfield code="0">(DHLAUTH)72833</marc:subfield>
  </marc:datafield>
  <marc:datafield tag="710" ind1="2" ind2="0">
    <marc:subfield code="a">Seychelles</marc:subfield>
    <marc:subfield code="9">ms</marc:subfield>
    <marc:subfield code="0">(DHLAUTH)72835</marc:subfield>
  </marc:datafield>
  <marc:datafield tag="710" ind1="2" ind2="0">
    <marc:subfield code="a">Zambia</marc:subfield>
    <marc:subfield code="9">ms</marc:subfield>
    <marc:subfield code="0">(DHLAUTH)40641</marc:subfield>
  </marc:datafield>
  <marc:datafield tag="710" ind1="2" ind2="0">
    <marc:subfield code="a">Zimbabwe</marc:subfield>
    <marc:subfield code="9">ms</marc:subfield>
    <marc:subfield code="0">(DHLAUTH)106248</marc:subfield>
  </marc:datafield>
  <marc:datafield tag="856" ind1="4" ind2=" ">
    <marc:subfield code="y">Español</marc:subfield>
    <marc:subfield code="9">352854b0-f844-4f10-9040-6a437f5ebb88</marc:subfield>
    <marc:subfield code="s">503347</marc:subfield>
    <marc:subfield code="u">https://digitallibrary.un.org/record/16580/files/A_C.4_35_L.17-ES.pdf</marc:subfield>
  </marc:datafield>
  <marc:datafield tag="856" ind1="4" ind2=" ">
    <marc:subfield code="y">Français</marc:subfield>
    <marc:subfield code="9">549ae3a6-af05-46b8-b284-d0e7ee0de659</marc:subfield>
    <marc:subfield code="s">372353</marc:subfield>
    <marc:subfield code="u">https://digitallibrary.un.org/record/16580/files/A_C.4_35_L.17-FR.pdf</marc:subfield>
  </marc:datafield>
  <marc:datafield tag="856" ind1="4" ind2=" ">
    <marc:subfield code="y">Русский</marc:subfield>
    <marc:subfield code="9">52369475-091e-4ab0-91d3-466ed82eb0bc</marc:subfield>
    <marc:subfield code="s">294773</marc:subfield>
    <marc:subfield code="u">https://digitallibrary.un.org/record/16580/files/A_C.4_35_L.17-RU.pdf</marc:subfield>
  </marc:datafield>
  <marc:datafield tag="856" ind1="4" ind2=" ">
    <marc:subfield code="y">中文</marc:subfield>
    <marc:subfield code="9">226a1bc5-e64b-4b73-9b9b-bf39a926ebc7</marc:subfield>
    <marc:subfield code="s">270146</marc:subfield>
    <marc:subfield code="u">https://digitallibrary.un.org/record/16580/files/A_C.4_35_L.17-ZH.pdf</marc:subfield>
  </marc:datafield>
  <marc:datafield tag="909" ind1="C" ind2="O">
    <marc:subfield code="o">oai:digitallibrary.un.org:16580</marc:subfield>
    <marc:subfield code="p">sanctions</marc:subfield>
  </marc:datafield>
  <marc:datafield tag="930" ind1=" " ind2=" ">
    <marc:subfield code="a">UNDDEC80</marc:subfield>
  </marc:datafield>
  <marc:datafield tag="930" ind1=" " ind2=" ">
    <marc:subfield code="a">UND</marc:subfield>
  </marc:datafield>
  <marc:datafield tag="930" ind1=" " ind2=" ">
    <marc:subfield code="a">DIG</marc:subfield>
  </marc:datafield>
  <marc:datafield tag="930" ind1=" " ind2=" ">
    <marc:subfield code="a">GAD</marc:subfield>
  </marc:datafield>
  <marc:datafield tag="955" ind1=" " ind2=" ">
    <marc:subfield code="a">04388800</marc:subfield>
  </marc:datafield>
  <marc:datafield tag="980" ind1=" " ind2=" ">
    <marc:subfield code="a">BIB</marc:subfield>
  </marc:datafield>
  <marc:datafield tag="981" ind1=" " ind2=" ">
    <marc:subfield code="a">General Assembly</marc:subfield>
    <marc:subfield code="b">4th Committee</marc:subfield>
  </marc:datafield>
  <marc:datafield tag="989" ind1=" " ind2=" ">
    <marc:subfield code="a">Documents and Publications</marc:subfield>
    <marc:subfield code="b">Draft Resolutions and Decisions</marc:subfield>
  </marc:datafield>
  <marc:datafield tag="991" ind1="1" ind2=" ">
    <marc:subfield code="a">A/35/251</marc:subfield>
    <marc:subfield code="b">86</marc:subfield>
    <marc:subfield code="c">Activities of foreign economic and other interests which are impeding the implementation of the Declaration on the Granting of Independence to Colonial Countries and Peoples in Namibia and in all other Territories under colonial domination and efforts to eliminate colonialism, apartheid and racial discrimination in southern Africa.</marc:subfield>
    <marc:subfield code="0">(DHLAUTH)337782</marc:subfield>
  </marc:datafield>
  <marc:datafield tag="998" ind1=" " ind2=" ">
    <marc:subfield code="a">19961220000000</marc:subfield>
    <marc:subfield code="c">20170302124200</marc:subfield>
    <marc:subfield code="d">shkcat</marc:subfield>
    <marc:subfield code="x">0x00010000b6564987</marc:subfield>
    <marc:subfield code="z">20200214213955</marc:subfield>
  </marc:datafield>
  <marc:datafield tag="999" ind1=" " ind2=" ">
    <marc:subfield code="a">kou20091209</marc:subfield>
    <marc:subfield code="b">20091209</marc:subfield>
    <marc:subfield code="c">u</marc:subfield>
  </marc:datafield>
</marc:record>
</metadata></record>