<record><header><identifier>oai:digitallibrary.un.org:17171</identifier><datestamp>2025-10-06T12:59:48Z</datestamp><setSpec>sanctions</setSpec></header><metadata><marc:record xmlns:marc="http://www.loc.gov/MARC21/slim" xmlns:xsi="http://www.w3.org/2001/XMLSchema-instance" xsi:schemaLocation="http://www.loc.gov/MARC21/slim http://www.loc.gov/standards/marcxml/schema/MARC21slim.xsd" type="Bibliographic">
     <marc:leader>02643nam a2200853#  4500961220961220</marc:leader>
  
  <marc:controlfield tag="001">17171</marc:controlfield>
  <marc:controlfield tag="005">20251006085948.0</marc:controlfield>
  <marc:controlfield tag="008">810220s1980    usa     r           eng u</marc:controlfield>
  <marc:datafield tag="035" ind1=" " ind2=" ">
    <marc:subfield code="a">D84359X</marc:subfield>
    <marc:subfield code="z">D0016054</marc:subfield>
  </marc:datafield>
  <marc:datafield tag="035" ind1=" " ind2=" ">
    <marc:subfield code="a">(DHL)84359</marc:subfield>
  </marc:datafield>
  <marc:datafield tag="039" ind1=" " ind2=" ">
    <marc:subfield code="a">DHU</marc:subfield>
  </marc:datafield>
  <marc:datafield tag="040" ind1=" " ind2=" ">
    <marc:subfield code="a">NNUN</marc:subfield>
    <marc:subfield code="b">eng</marc:subfield>
  </marc:datafield>
  <marc:datafield tag="041" ind1=" " ind2=" ">
    <marc:subfield code="a">engarachifrerusspa</marc:subfield>
  </marc:datafield>
  <marc:datafield tag="049" ind1=" " ind2=" ">
    <marc:subfield code="a">usa</marc:subfield>
  </marc:datafield>
  <marc:datafield tag="089" ind1=" " ind2=" ">
    <marc:subfield code="a">Resolutions and decisions (UN) -- Draft</marc:subfield>
    <marc:subfield code="b">B02</marc:subfield>
  </marc:datafield>
  <marc:datafield tag="091" ind1=" " ind2=" ">
    <marc:subfield code="a">LTD</marc:subfield>
  </marc:datafield>
  <marc:datafield tag="099" ind1=" " ind2=" ">
    <marc:subfield code="a">UNH</marc:subfield>
    <marc:subfield code="b">DHU</marc:subfield>
  </marc:datafield>
  <marc:datafield tag="191" ind1=" " ind2=" ">
    <marc:subfield code="a">A/35/L.15</marc:subfield>
    <marc:subfield code="b">A/</marc:subfield>
    <marc:subfield code="c">35</marc:subfield>
    <marc:subfield code="d">A/</marc:subfield>
    <marc:subfield code="e">35/L.15</marc:subfield>
    <marc:subfield code="q">A35L15</marc:subfield>
    <marc:subfield code="r">A35</marc:subfield>
    <marc:subfield code="0">(DHLAUTH)333013</marc:subfield>
  </marc:datafield>
  <marc:datafield tag="245" ind1="1" ind2="0">
    <marc:subfield code="a">Comprehensive sanctions against South Africa :</marc:subfield>
    <marc:subfield code="b">draft resolution /</marc:subfield>
    <marc:subfield code="c">Afghanistan, Algeria, Angola, Bahrain, Barbados, Benin, Chad, Congo, Cuba, Democratic Yemen, Egypt, Ethiopia, Gambia, Ghana, Grenada, Guinea, Guinea-Bissau, Guyana, India, Kenya, Kuwait, Lao People's Democratic Republic, Liberia, Libyan Arab Jamahiriya, Madagascar, Malaysia, Mali, Mauritania, Mozambique, Nicaragua, Niger, Nigeria, Pakistan, Panama, Sao Tome and Principe, Seychelles, Sierra Leone, Somalia, Sudan, Syrian Arab Republic, Tunisia, Uganda, United Republic of Cameroon, United Republic of Tanzania, Viet Nam, Yugoslavia and Zambia.</marc:subfield>
  </marc:datafield>
  <marc:datafield tag="260" ind1=" " ind2=" ">
    <marc:subfield code="a">New York :</marc:subfield>
    <marc:subfield code="b">UN,</marc:subfield>
    <marc:subfield code="c">24 Nov. 1980.</marc:subfield>
  </marc:datafield>
  <marc:datafield tag="269" ind1=" " ind2=" ">
    <marc:subfield code="a">1980-11-24</marc:subfield>
  </marc:datafield>
  <marc:datafield tag="300" ind1=" " ind2=" ">
    <marc:subfield code="a">3 p.</marc:subfield>
  </marc:datafield>
  <marc:datafield tag="650" ind1="0" ind2="7">
    <marc:subfield code="a">APARTHEID</marc:subfield>
    <marc:subfield code="0">(DHLAUTH)268992</marc:subfield>
  </marc:datafield>
  <marc:datafield tag="650" ind1="0" ind2="7">
    <marc:subfield code="a">SANCTIONS</marc:subfield>
    <marc:subfield code="0">(DHLAUTH)9840</marc:subfield>
  </marc:datafield>
  <marc:datafield tag="650" ind1="0" ind2="7">
    <marc:subfield code="a">SOUTH AFRICA</marc:subfield>
    <marc:subfield code="0">(DHLAUTH)9686</marc:subfield>
  </marc:datafield>
  <marc:datafield tag="710" ind1="2" ind2="0">
    <marc:subfield code="a">Afghanistan</marc:subfield>
    <marc:subfield code="0">(DHLAUTH)71929</marc:subfield>
  </marc:datafield>
  <marc:datafield tag="710" ind1="2" ind2="0">
    <marc:subfield code="a">Algeria</marc:subfield>
    <marc:subfield code="0">(DHLAUTH)39601</marc:subfield>
  </marc:datafield>
  <marc:datafield tag="710" ind1="2" ind2="0">
    <marc:subfield code="a">Angola</marc:subfield>
    <marc:subfield code="0">(DHLAUTH)71941</marc:subfield>
  </marc:datafield>
  <marc:datafield tag="710" ind1="2" ind2="0">
    <marc:subfield code="a">Bahrain</marc:subfield>
    <marc:subfield code="0">(DHLAUTH)71969</marc:subfield>
  </marc:datafield>
  <marc:datafield tag="710" ind1="2" ind2="0">
    <marc:subfield code="a">Barbados</marc:subfield>
    <marc:subfield code="0">(DHLAUTH)71971</marc:subfield>
  </marc:datafield>
  <marc:datafield tag="710" ind1="2" ind2="0">
    <marc:subfield code="a">Benin</marc:subfield>
    <marc:subfield code="0">(DHLAUTH)58963</marc:subfield>
  </marc:datafield>
  <marc:datafield tag="710" ind1="2" ind2="0">
    <marc:subfield code="a">Chad</marc:subfield>
    <marc:subfield code="0">(DHLAUTH)39659</marc:subfield>
  </marc:datafield>
  <marc:datafield tag="710" ind1="2" ind2="0">
    <marc:subfield code="a">Congo</marc:subfield>
    <marc:subfield code="0">(DHLAUTH)59541</marc:subfield>
  </marc:datafield>
  <marc:datafield tag="710" ind1="2" ind2="0">
    <marc:subfield code="a">Cuba</marc:subfield>
    <marc:subfield code="0">(DHLAUTH)72139</marc:subfield>
  </marc:datafield>
  <marc:datafield tag="710" ind1="2" ind2=" ">
    <marc:subfield code="a">Democratic Yemen</marc:subfield>
    <marc:subfield code="0">(DHLAUTH)875045</marc:subfield>
  </marc:datafield>
  <marc:datafield tag="710" ind1="2" ind2="0">
    <marc:subfield code="a">Egypt</marc:subfield>
    <marc:subfield code="0">(DHLAUTH)39685</marc:subfield>
  </marc:datafield>
  <marc:datafield tag="710" ind1="2" ind2="0">
    <marc:subfield code="a">Ethiopia</marc:subfield>
    <marc:subfield code="0">(DHLAUTH)72173</marc:subfield>
  </marc:datafield>
  <marc:datafield tag="710" ind1="2" ind2="0">
    <marc:subfield code="a">Gambia</marc:subfield>
    <marc:subfield code="0">(DHLAUTH)60095</marc:subfield>
  </marc:datafield>
  <marc:datafield tag="710" ind1="2" ind2="0">
    <marc:subfield code="a">Ghana</marc:subfield>
    <marc:subfield code="0">(DHLAUTH)39693</marc:subfield>
  </marc:datafield>
  <marc:datafield tag="710" ind1="2" ind2="0">
    <marc:subfield code="a">Grenada</marc:subfield>
    <marc:subfield code="0">(DHLAUTH)39701</marc:subfield>
  </marc:datafield>
  <marc:datafield tag="710" ind1="2" ind2="0">
    <marc:subfield code="a">Guinea</marc:subfield>
    <marc:subfield code="0">(DHLAUTH)72283</marc:subfield>
  </marc:datafield>
  <marc:datafield tag="710" ind1="2" ind2="0">
    <marc:subfield code="a">Guinea-Bissau</marc:subfield>
    <marc:subfield code="0">(DHLAUTH)72285</marc:subfield>
  </marc:datafield>
  <marc:datafield tag="710" ind1="2" ind2="0">
    <marc:subfield code="a">Guyana</marc:subfield>
    <marc:subfield code="0">(DHLAUTH)72287</marc:subfield>
  </marc:datafield>
  <marc:datafield tag="710" ind1="2" ind2="0">
    <marc:subfield code="a">India</marc:subfield>
    <marc:subfield code="0">(DHLAUTH)72301</marc:subfield>
  </marc:datafield>
  <marc:datafield tag="710" ind1="2" ind2="0">
    <marc:subfield code="a">Kenya</marc:subfield>
    <marc:subfield code="0">(DHLAUTH)60889</marc:subfield>
  </marc:datafield>
  <marc:datafield tag="710" ind1="2" ind2="0">
    <marc:subfield code="a">Kuwait</marc:subfield>
    <marc:subfield code="0">(DHLAUTH)39867</marc:subfield>
  </marc:datafield>
  <marc:datafield tag="710" ind1="2" ind2="0">
    <marc:subfield code="a">Lao People's Democratic Republic</marc:subfield>
    <marc:subfield code="0">(DHLAUTH)72517</marc:subfield>
  </marc:datafield>
  <marc:datafield tag="710" ind1="2" ind2="0">
    <marc:subfield code="a">Liberia</marc:subfield>
    <marc:subfield code="0">(DHLAUTH)72549</marc:subfield>
  </marc:datafield>
  <marc:datafield tag="710" ind1="2" ind2="0">
    <marc:subfield code="a">Libyan Arab Jamahiriya</marc:subfield>
    <marc:subfield code="0">(DHLAUTH)39889</marc:subfield>
  </marc:datafield>
  <marc:datafield tag="710" ind1="2" ind2="0">
    <marc:subfield code="a">Madagascar</marc:subfield>
    <marc:subfield code="0">(DHLAUTH)39897</marc:subfield>
  </marc:datafield>
  <marc:datafield tag="710" ind1="2" ind2="0">
    <marc:subfield code="a">Malaysia</marc:subfield>
    <marc:subfield code="0">(DHLAUTH)72557</marc:subfield>
  </marc:datafield>
  <marc:datafield tag="710" ind1="2" ind2="0">
    <marc:subfield code="a">Mali</marc:subfield>
    <marc:subfield code="0">(DHLAUTH)72561</marc:subfield>
  </marc:datafield>
  <marc:datafield tag="710" ind1="2" ind2="0">
    <marc:subfield code="a">Mauritania</marc:subfield>
    <marc:subfield code="0">(DHLAUTH)72579</marc:subfield>
  </marc:datafield>
  <marc:datafield tag="710" ind1="2" ind2="0">
    <marc:subfield code="a">Mozambique</marc:subfield>
    <marc:subfield code="0">(DHLAUTH)72609</marc:subfield>
  </marc:datafield>
  <marc:datafield tag="710" ind1="2" ind2="0">
    <marc:subfield code="a">Nicaragua</marc:subfield>
    <marc:subfield code="0">(DHLAUTH)72623</marc:subfield>
  </marc:datafield>
  <marc:datafield tag="710" ind1="2" ind2="0">
    <marc:subfield code="a">Niger</marc:subfield>
    <marc:subfield code="0">(DHLAUTH)61321</marc:subfield>
  </marc:datafield>
  <marc:datafield tag="710" ind1="2" ind2="0">
    <marc:subfield code="a">Nigeria</marc:subfield>
    <marc:subfield code="0">(DHLAUTH)39943</marc:subfield>
  </marc:datafield>
  <marc:datafield tag="710" ind1="2" ind2="0">
    <marc:subfield code="a">Pakistan</marc:subfield>
    <marc:subfield code="0">(DHLAUTH)72679</marc:subfield>
  </marc:datafield>
  <marc:datafield tag="710" ind1="2" ind2="0">
    <marc:subfield code="a">Panama</marc:subfield>
    <marc:subfield code="0">(DHLAUTH)40007</marc:subfield>
  </marc:datafield>
  <marc:datafield tag="710" ind1="2" ind2="0">
    <marc:subfield code="a">Sao Tome and Principe</marc:subfield>
    <marc:subfield code="0">(DHLAUTH)72825</marc:subfield>
  </marc:datafield>
  <marc:datafield tag="710" ind1="2" ind2="0">
    <marc:subfield code="a">Seychelles</marc:subfield>
    <marc:subfield code="0">(DHLAUTH)72835</marc:subfield>
  </marc:datafield>
  <marc:datafield tag="710" ind1="2" ind2="0">
    <marc:subfield code="a">Sierra Leone</marc:subfield>
    <marc:subfield code="0">(DHLAUTH)72839</marc:subfield>
  </marc:datafield>
  <marc:datafield tag="710" ind1="2" ind2="0">
    <marc:subfield code="a">Somalia</marc:subfield>
    <marc:subfield code="0">(DHLAUTH)72845</marc:subfield>
  </marc:datafield>
  <marc:datafield tag="710" ind1="2" ind2="0">
    <marc:subfield code="a">Sudan</marc:subfield>
    <marc:subfield code="0">(DHLAUTH)40061</marc:subfield>
  </marc:datafield>
  <marc:datafield tag="710" ind1="2" ind2="0">
    <marc:subfield code="a">Syrian Arab Republic</marc:subfield>
    <marc:subfield code="0">(DHLAUTH)72879</marc:subfield>
  </marc:datafield>
  <marc:datafield tag="710" ind1="2" ind2="0">
    <marc:subfield code="a">Tunisia</marc:subfield>
    <marc:subfield code="0">(DHLAUTH)62197</marc:subfield>
  </marc:datafield>
  <marc:datafield tag="710" ind1="2" ind2="0">
    <marc:subfield code="a">Uganda</marc:subfield>
    <marc:subfield code="0">(DHLAUTH)125009</marc:subfield>
  </marc:datafield>
  <marc:datafield tag="710" ind1="2" ind2="0">
    <marc:subfield code="a">United Republic of Tanzania</marc:subfield>
    <marc:subfield code="0">(DHLAUTH)62257</marc:subfield>
  </marc:datafield>
  <marc:datafield tag="710" ind1="2" ind2="0">
    <marc:subfield code="a">Viet Nam</marc:subfield>
    <marc:subfield code="0">(DHLAUTH)74708</marc:subfield>
  </marc:datafield>
  <marc:datafield tag="710" ind1="2" ind2="0">
    <marc:subfield code="a">Yugoslavia</marc:subfield>
    <marc:subfield code="0">(DHLAUTH)74780</marc:subfield>
  </marc:datafield>
  <marc:datafield tag="710" ind1="2" ind2="0">
    <marc:subfield code="a">Zambia</marc:subfield>
    <marc:subfield code="0">(DHLAUTH)40641</marc:subfield>
  </marc:datafield>
  <marc:datafield tag="710" ind1=" " ind2=" ">
    <marc:subfield code="a">United Republic of Cameroon</marc:subfield>
    <marc:subfield code="0">(DHLAUTH)941768</marc:subfield>
  </marc:datafield>
  <marc:datafield tag="909" ind1="C" ind2="O">
    <marc:subfield code="o">oai:digitallibrary.un.org:17171</marc:subfield>
    <marc:subfield code="p">sanctions</marc:subfield>
  </marc:datafield>
  <marc:datafield tag="930" ind1=" " ind2=" ">
    <marc:subfield code="a">UNDJAN81</marc:subfield>
  </marc:datafield>
  <marc:datafield tag="949" ind1=" " ind2=" ">
    <marc:subfield code="9">A/35/L.15</marc:subfield>
    <marc:subfield code="b">mq113558</marc:subfield>
    <marc:subfield code="i">113558</marc:subfield>
    <marc:subfield code="k">unes</marc:subfield>
    <marc:subfield code="l">DHL</marc:subfield>
    <marc:subfield code="z">i</marc:subfield>
    <marc:subfield code="m">vcirc</marc:subfield>
    <marc:subfield code="d">19961230000000</marc:subfield>
  </marc:datafield>
  <marc:datafield tag="955" ind1=" " ind2=" ">
    <marc:subfield code="a">00264600</marc:subfield>
  </marc:datafield>
  <marc:datafield tag="980" ind1=" " ind2=" ">
    <marc:subfield code="a">BIB</marc:subfield>
  </marc:datafield>
  <marc:datafield tag="981" ind1=" " ind2=" ">
    <marc:subfield code="a">General Assembly</marc:subfield>
    <marc:subfield code="b">General Assembly Plenary</marc:subfield>
  </marc:datafield>
  <marc:datafield tag="989" ind1=" " ind2=" ">
    <marc:subfield code="a">Documents and Publications</marc:subfield>
    <marc:subfield code="b">Draft Resolutions and Decisions</marc:subfield>
  </marc:datafield>
  <marc:datafield tag="991" ind1="1" ind2=" ">
    <marc:subfield code="a">A/35/251</marc:subfield>
    <marc:subfield code="b">28</marc:subfield>
    <marc:subfield code="c">Policies of apartheid of the Government of South Africa.</marc:subfield>
    <marc:subfield code="0">(DHLAUTH)337568</marc:subfield>
  </marc:datafield>
  <marc:datafield tag="998" ind1=" " ind2=" ">
    <marc:subfield code="a">19961220000000</marc:subfield>
    <marc:subfield code="c">20220706171400</marc:subfield>
    <marc:subfield code="d">sh35cat</marc:subfield>
    <marc:subfield code="x">0x00010000c764b1ef</marc:subfield>
    <marc:subfield code="z">20220706211912</marc:subfield>
  </marc:datafield>
</marc:record>
</metadata></record>