<record><header><identifier>oai:digitallibrary.un.org:17204</identifier><datestamp>2025-10-06T12:59:48Z</datestamp><setSpec>sanctions</setSpec></header><metadata><marc:record xmlns:marc="http://www.loc.gov/MARC21/slim" xmlns:xsi="http://www.w3.org/2001/XMLSchema-instance" xsi:schemaLocation="http://www.loc.gov/MARC21/slim http://www.loc.gov/standards/marcxml/schema/MARC21slim.xsd" type="Bibliographic">
     <marc:leader>00865naa a2200337#  4500</marc:leader>
  
  <marc:controlfield tag="001">17204</marc:controlfield>
  <marc:controlfield tag="005">20251006085948.0</marc:controlfield>
  <marc:controlfield tag="008">810220s1984    usa     r           eng u</marc:controlfield>
  <marc:datafield tag="029" ind1=" " ind2=" ">
    <marc:subfield code="a">JN</marc:subfield>
    <marc:subfield code="b">NL840241 E</marc:subfield>
  </marc:datafield>
  <marc:datafield tag="035" ind1=" " ind2=" ">
    <marc:subfield code="a">D84392X</marc:subfield>
    <marc:subfield code="z">D0016087</marc:subfield>
  </marc:datafield>
  <marc:datafield tag="035" ind1=" " ind2=" ">
    <marc:subfield code="a">(DHL)84392</marc:subfield>
  </marc:datafield>
  <marc:datafield tag="039" ind1=" " ind2=" ">
    <marc:subfield code="a">DHU</marc:subfield>
  </marc:datafield>
  <marc:datafield tag="040" ind1=" " ind2=" ">
    <marc:subfield code="a">NNUN</marc:subfield>
    <marc:subfield code="b">eng</marc:subfield>
  </marc:datafield>
  <marc:datafield tag="041" ind1=" " ind2=" ">
    <marc:subfield code="a">arachiengfrerusspa</marc:subfield>
  </marc:datafield>
  <marc:datafield tag="049" ind1=" " ind2=" ">
    <marc:subfield code="a">usa</marc:subfield>
  </marc:datafield>
  <marc:datafield tag="089" ind1=" " ind2=" ">
    <marc:subfield code="a">Meeting records (UN)</marc:subfield>
    <marc:subfield code="b">B03</marc:subfield>
  </marc:datafield>
  <marc:datafield tag="091" ind1=" " ind2=" ">
    <marc:subfield code="a">GEN</marc:subfield>
  </marc:datafield>
  <marc:datafield tag="099" ind1=" " ind2=" ">
    <marc:subfield code="a">UNH</marc:subfield>
    <marc:subfield code="b">DHU</marc:subfield>
  </marc:datafield>
  <marc:datafield tag="191" ind1=" " ind2=" ">
    <marc:subfield code="a">A/35/PV.59</marc:subfield>
    <marc:subfield code="b">A/</marc:subfield>
    <marc:subfield code="c">35</marc:subfield>
    <marc:subfield code="q">A35PV59</marc:subfield>
    <marc:subfield code="r">A35</marc:subfield>
    <marc:subfield code="0">(DHLAUTH)333013</marc:subfield>
  </marc:datafield>
  <marc:datafield tag="245" ind1="1" ind2="0">
    <marc:subfield code="a">General Assembly, 35th session :</marc:subfield>
    <marc:subfield code="b">59th plenary meeting, Wednesday, 12 November 1980, New York</marc:subfield>
  </marc:datafield>
  <marc:datafield tag="269" ind1=" " ind2=" ">
    <marc:subfield code="a">1984</marc:subfield>
  </marc:datafield>
  <marc:datafield tag="300" ind1=" " ind2=" ">
    <marc:subfield code="a">[24] p.</marc:subfield>
  </marc:datafield>
  <marc:datafield tag="580" ind1=" " ind2=" ">
    <marc:subfield code="a">In: Official records of the General Assembly, plenary meetings, Vol. II (of 3 volumes) : verbatim records of the 34th to 79th meetings, 13 October-03 December 1980 - UNA(01)/R3 - p. 1021-1044. </marc:subfield>
  </marc:datafield>
  <marc:datafield tag="596" ind1=" " ind2=" ">
    <marc:subfield code="a">Retrospective indexing.</marc:subfield>
  </marc:datafield>
  <marc:datafield tag="610" ind1="2" ind2="7">
    <marc:subfield code="a">UN. Security Council</marc:subfield>
    <marc:subfield code="g">Members</marc:subfield>
    <marc:subfield code="0">(DHLAUTH)314224</marc:subfield>
  </marc:datafield>
  <marc:datafield tag="650" ind1="0" ind2="7">
    <marc:subfield code="a">ARMS EMBARGO</marc:subfield>
    <marc:subfield code="0">(DHLAUTH)268736</marc:subfield>
  </marc:datafield>
  <marc:datafield tag="650" ind1="0" ind2="7">
    <marc:subfield code="a">NUCLEAR WEAPONS</marc:subfield>
    <marc:subfield code="0">(DHLAUTH)268852</marc:subfield>
  </marc:datafield>
  <marc:datafield tag="650" ind1="0" ind2="7">
    <marc:subfield code="a">OIL EMBARGO</marc:subfield>
    <marc:subfield code="0">(DHLAUTH)12716</marc:subfield>
  </marc:datafield>
  <marc:datafield tag="650" ind1="0" ind2="7">
    <marc:subfield code="a">SANCTIONS</marc:subfield>
    <marc:subfield code="0">(DHLAUTH)9840</marc:subfield>
  </marc:datafield>
  <marc:datafield tag="650" ind1="0" ind2="7">
    <marc:subfield code="a">SOUTH AFRICA</marc:subfield>
    <marc:subfield code="0">(DHLAUTH)9686</marc:subfield>
  </marc:datafield>
  <marc:datafield tag="650" ind1="0" ind2="7">
    <marc:subfield code="a">APARTHEID</marc:subfield>
    <marc:subfield code="0">(DHLAUTH)268992</marc:subfield>
  </marc:datafield>
  <marc:datafield tag="650" ind1="0" ind2="7">
    <marc:subfield code="a">ELECTION OF MEMBERS</marc:subfield>
    <marc:subfield code="0">(DHLAUTH)275784</marc:subfield>
  </marc:datafield>
  <marc:datafield tag="856" ind1="4" ind2=" ">
    <marc:subfield code="y">العربية</marc:subfield>
    <marc:subfield code="9">f438c6cd-473d-4145-89b3-cbeded0b0fde</marc:subfield>
    <marc:subfield code="s">3932059</marc:subfield>
    <marc:subfield code="u">https://digitallibrary.un.org/record/17204/files/A_35_PV.59-AR.pdf</marc:subfield>
  </marc:datafield>
  <marc:datafield tag="856" ind1="4" ind2=" ">
    <marc:subfield code="y">English</marc:subfield>
    <marc:subfield code="9">2a993956-9483-45a6-88f9-fdf9a6d95b4e</marc:subfield>
    <marc:subfield code="s">4448530</marc:subfield>
    <marc:subfield code="u">https://digitallibrary.un.org/record/17204/files/A_35_PV.59-EN.pdf</marc:subfield>
  </marc:datafield>
  <marc:datafield tag="856" ind1="4" ind2=" ">
    <marc:subfield code="y">Español</marc:subfield>
    <marc:subfield code="9">9241b098-360c-41ba-9deb-372fb61c4553</marc:subfield>
    <marc:subfield code="s">5212562</marc:subfield>
    <marc:subfield code="u">https://digitallibrary.un.org/record/17204/files/A_35_PV.59-ES.pdf</marc:subfield>
  </marc:datafield>
  <marc:datafield tag="856" ind1="4" ind2=" ">
    <marc:subfield code="y">Français</marc:subfield>
    <marc:subfield code="9">834faa04-23b8-44a6-b689-e2fe9e022f2e</marc:subfield>
    <marc:subfield code="s">4287854</marc:subfield>
    <marc:subfield code="u">https://digitallibrary.un.org/record/17204/files/A_35_PV.59-FR.pdf</marc:subfield>
  </marc:datafield>
  <marc:datafield tag="856" ind1="4" ind2=" ">
    <marc:subfield code="y">Русский</marc:subfield>
    <marc:subfield code="9">f5dfe6df-d913-41ed-ba6b-bce7406ec847</marc:subfield>
    <marc:subfield code="s">3729012</marc:subfield>
    <marc:subfield code="u">https://digitallibrary.un.org/record/17204/files/A_35_PV.59-RU.pdf</marc:subfield>
  </marc:datafield>
  <marc:datafield tag="856" ind1="4" ind2=" ">
    <marc:subfield code="y">中文</marc:subfield>
    <marc:subfield code="9">503ac5ab-49d4-4e99-b854-1f2ab263898b</marc:subfield>
    <marc:subfield code="s">2928527</marc:subfield>
    <marc:subfield code="u">https://digitallibrary.un.org/record/17204/files/A_35_PV.59-ZH.pdf</marc:subfield>
  </marc:datafield>
  <marc:datafield tag="909" ind1="C" ind2="O">
    <marc:subfield code="o">oai:digitallibrary.un.org:17204</marc:subfield>
    <marc:subfield code="p">sanctions</marc:subfield>
  </marc:datafield>
  <marc:datafield tag="930" ind1=" " ind2=" ">
    <marc:subfield code="a">UNDJAN81</marc:subfield>
  </marc:datafield>
  <marc:datafield tag="930" ind1=" " ind2=" ">
    <marc:subfield code="a">DIG</marc:subfield>
  </marc:datafield>
  <marc:datafield tag="955" ind1=" " ind2=" ">
    <marc:subfield code="a">00279800</marc:subfield>
  </marc:datafield>
  <marc:datafield tag="980" ind1=" " ind2=" ">
    <marc:subfield code="a">BIB</marc:subfield>
  </marc:datafield>
  <marc:datafield tag="981" ind1=" " ind2=" ">
    <marc:subfield code="a">General Assembly</marc:subfield>
    <marc:subfield code="b">General Assembly Plenary</marc:subfield>
  </marc:datafield>
  <marc:datafield tag="989" ind1=" " ind2=" ">
    <marc:subfield code="a">Documents and Publications</marc:subfield>
    <marc:subfield code="b">Meeting Records</marc:subfield>
    <marc:subfield code="c">Verbatim Records</marc:subfield>
  </marc:datafield>
  <marc:datafield tag="992" ind1=" " ind2=" ">
    <marc:subfield code="a">1980-11-12</marc:subfield>
  </marc:datafield>
  <marc:datafield tag="998" ind1=" " ind2=" ">
    <marc:subfield code="a">19961220000000</marc:subfield>
    <marc:subfield code="c">20210322122600</marc:subfield>
    <marc:subfield code="d">mocat</marc:subfield>
    <marc:subfield code="x">0x00010000c307edd9</marc:subfield>
    <marc:subfield code="z">20210322162921</marc:subfield>
  </marc:datafield>
  <marc:datafield tag="999" ind1=" " ind2=" ">
    <marc:subfield code="a">yku20130606</marc:subfield>
    <marc:subfield code="b">20130606</marc:subfield>
    <marc:subfield code="c">u</marc:subfield>
  </marc:datafield>
  <marc:datafield tag="999" ind1=" " ind2=" ">
    <marc:subfield code="a">mou20210322</marc:subfield>
    <marc:subfield code="b">20210322</marc:subfield>
    <marc:subfield code="c">u</marc:subfield>
  </marc:datafield>
</marc:record>
</metadata></record>