<record><header><identifier>oai:digitallibrary.un.org:18129</identifier><datestamp>2025-11-07T21:38:40Z</datestamp><setSpec>sanctions</setSpec></header><metadata><marc:record xmlns:marc="http://www.loc.gov/MARC21/slim" xmlns:xsi="http://www.w3.org/2001/XMLSchema-instance" xsi:schemaLocation="http://www.loc.gov/MARC21/slim http://www.loc.gov/standards/marcxml/schema/MARC21slim.xsd" type="Bibliographic">
     <marc:leader>01602nam\\2200481#\\4500</marc:leader>
  
  <marc:controlfield tag="001">18129</marc:controlfield>
  <marc:controlfield tag="005">20251107163840.0</marc:controlfield>
  <marc:controlfield tag="008">810319s1980\\\\usa\\\\\r\\\\\\\\\\\eng\u</marc:controlfield>
  <marc:datafield tag="029" ind1=" " ind2=" ">
    <marc:subfield code="a">JN</marc:subfield>
    <marc:subfield code="b">N8034055 E</marc:subfield>
  </marc:datafield>
  <marc:datafield tag="035" ind1=" " ind2=" ">
    <marc:subfield code="a">D85898X</marc:subfield>
    <marc:subfield code="z">D0017013</marc:subfield>
  </marc:datafield>
  <marc:datafield tag="035" ind1=" " ind2=" ">
    <marc:subfield code="a">(DHL)85898</marc:subfield>
  </marc:datafield>
  <marc:datafield tag="039" ind1=" " ind2=" ">
    <marc:subfield code="a">DHU</marc:subfield>
  </marc:datafield>
  <marc:datafield tag="040" ind1=" " ind2=" ">
    <marc:subfield code="a">NNUN</marc:subfield>
    <marc:subfield code="b">eng</marc:subfield>
  </marc:datafield>
  <marc:datafield tag="041" ind1=" " ind2=" ">
    <marc:subfield code="a">engarachifrerusspa</marc:subfield>
  </marc:datafield>
  <marc:datafield tag="049" ind1=" " ind2=" ">
    <marc:subfield code="a">usa</marc:subfield>
  </marc:datafield>
  <marc:datafield tag="089" ind1=" " ind2=" ">
    <marc:subfield code="a">Annual/sessional reports (UN)</marc:subfield>
    <marc:subfield code="b">B04</marc:subfield>
  </marc:datafield>
  <marc:datafield tag="091" ind1=" " ind2=" ">
    <marc:subfield code="a">GEN</marc:subfield>
  </marc:datafield>
  <marc:datafield tag="099" ind1=" " ind2=" ">
    <marc:subfield code="a">UNH</marc:subfield>
    <marc:subfield code="b">DHU</marc:subfield>
  </marc:datafield>
  <marc:datafield tag="191" ind1=" " ind2=" ">
    <marc:subfield code="a">A/35/776</marc:subfield>
    <marc:subfield code="b">A/</marc:subfield>
    <marc:subfield code="c">35</marc:subfield>
    <marc:subfield code="d">A/</marc:subfield>
    <marc:subfield code="e">35/776</marc:subfield>
    <marc:subfield code="q">A35776</marc:subfield>
    <marc:subfield code="r">A35</marc:subfield>
    <marc:subfield code="0">(DHLAUTH)333013</marc:subfield>
  </marc:datafield>
  <marc:datafield tag="245" ind1="1" ind2="0">
    <marc:subfield code="a">Administrative and financial implications of the draft resolutions A/35/L.13 to A/35/L.16/Rev.1, A/35/L.17 to A/35/L.19, A/35/L.21 to A/35/L.23/Rev.1 and A/35/L.25 to A/35/L.28 :</marc:subfield>
    <marc:subfield code="b">report of the 5th Committee.</marc:subfield>
  </marc:datafield>
  <marc:datafield tag="260" ind1=" " ind2=" ">
    <marc:subfield code="a">New York :</marc:subfield>
    <marc:subfield code="b">UN,</marc:subfield>
    <marc:subfield code="c">15 Dec. 1980.</marc:subfield>
  </marc:datafield>
  <marc:datafield tag="269" ind1=" " ind2=" ">
    <marc:subfield code="a">1980-12-15</marc:subfield>
  </marc:datafield>
  <marc:datafield tag="300" ind1=" " ind2=" ">
    <marc:subfield code="a">2 p.</marc:subfield>
  </marc:datafield>
  <marc:datafield tag="610" ind1="2" ind2="7">
    <marc:subfield code="a">UN. SPECIAL COMMITTEE AGAINST APARTHEID</marc:subfield>
    <marc:subfield code="g">WORK PROGRAMME.</marc:subfield>
    <marc:subfield code="0">(DHLAUTH)325937</marc:subfield>
  </marc:datafield>
  <marc:datafield tag="650" ind1="0" ind2="7">
    <marc:subfield code="a">BOYCOTTS</marc:subfield>
    <marc:subfield code="0">(DHLAUTH)272859</marc:subfield>
  </marc:datafield>
  <marc:datafield tag="650" ind1="0" ind2="7">
    <marc:subfield code="a">CHILDREN</marc:subfield>
    <marc:subfield code="0">(DHLAUTH)269400</marc:subfield>
  </marc:datafield>
  <marc:datafield tag="650" ind1="0" ind2="7">
    <marc:subfield code="a">CULTURAL RELATIONS</marc:subfield>
    <marc:subfield code="0">(DHLAUTH)274625</marc:subfield>
  </marc:datafield>
  <marc:datafield tag="650" ind1="0" ind2="7">
    <marc:subfield code="a">MILITARY RELATIONS</marc:subfield>
    <marc:subfield code="0">(DHLAUTH)8827</marc:subfield>
  </marc:datafield>
  <marc:datafield tag="650" ind1="0" ind2="7">
    <marc:subfield code="a">NATIONAL LIBERATION MOVEMENTS</marc:subfield>
    <marc:subfield code="0">(DHLAUTH)268431</marc:subfield>
  </marc:datafield>
  <marc:datafield tag="650" ind1="0" ind2="7">
    <marc:subfield code="a">NUCLEAR WEAPONS</marc:subfield>
    <marc:subfield code="0">(DHLAUTH)268852</marc:subfield>
  </marc:datafield>
  <marc:datafield tag="650" ind1="0" ind2="7">
    <marc:subfield code="a">POLITICAL PRISONERS</marc:subfield>
    <marc:subfield code="0">(DHLAUTH)268473</marc:subfield>
  </marc:datafield>
  <marc:datafield tag="650" ind1="0" ind2="7">
    <marc:subfield code="a">SANCTIONS</marc:subfield>
    <marc:subfield code="0">(DHLAUTH)9840</marc:subfield>
  </marc:datafield>
  <marc:datafield tag="650" ind1="0" ind2="7">
    <marc:subfield code="a">TRANSNATIONAL CORPORATIONS</marc:subfield>
    <marc:subfield code="0">(DHLAUTH)10314</marc:subfield>
  </marc:datafield>
  <marc:datafield tag="650" ind1="0" ind2="7">
    <marc:subfield code="a">WOMEN</marc:subfield>
    <marc:subfield code="0">(DHLAUTH)273032</marc:subfield>
  </marc:datafield>
  <marc:datafield tag="650" ind1="0" ind2="7">
    <marc:subfield code="a">MASS MEDIA</marc:subfield>
    <marc:subfield code="0">(DHLAUTH)272747</marc:subfield>
  </marc:datafield>
  <marc:datafield tag="650" ind1="0" ind2="7">
    <marc:subfield code="a">SOUTH AFRICA</marc:subfield>
    <marc:subfield code="0">(DHLAUTH)9686</marc:subfield>
  </marc:datafield>
  <marc:datafield tag="650" ind1="0" ind2="7">
    <marc:subfield code="a">AID PROGRAMMES</marc:subfield>
    <marc:subfield code="0">(DHLAUTH)268916</marc:subfield>
  </marc:datafield>
  <marc:datafield tag="650" ind1="0" ind2="7">
    <marc:subfield code="a">APARTHEID</marc:subfield>
    <marc:subfield code="0">(DHLAUTH)268992</marc:subfield>
  </marc:datafield>
  <marc:datafield tag="650" ind1="0" ind2="7">
    <marc:subfield code="a">FINANCIAL IMPLICATIONS</marc:subfield>
    <marc:subfield code="0">(DHLAUTH)275769</marc:subfield>
  </marc:datafield>
  <marc:datafield tag="650" ind1="0" ind2="7">
    <marc:subfield code="a">WORK PROGRAMME</marc:subfield>
    <marc:subfield code="0">(DHLAUTH)275800</marc:subfield>
  </marc:datafield>
  <marc:datafield tag="710" ind1="2" ind2="0">
    <marc:subfield code="a">UN. General Assembly. 5th Committee</marc:subfield>
    <marc:subfield code="0">(DHLAUTH)49717</marc:subfield>
  </marc:datafield>
  <marc:datafield tag="856" ind1="4" ind2=" ">
    <marc:subfield code="y">English</marc:subfield>
    <marc:subfield code="9">b80090ac-1793-4ffa-b149-5836085639db</marc:subfield>
    <marc:subfield code="s">83049</marc:subfield>
    <marc:subfield code="u">https://digitallibrary.un.org/record/18129/files/A_35_776-EN.pdf</marc:subfield>
  </marc:datafield>
  <marc:datafield tag="856" ind1="4" ind2=" ">
    <marc:subfield code="y">Français</marc:subfield>
    <marc:subfield code="9">89dd06c3-f9de-495f-a945-f6967ace830d</marc:subfield>
    <marc:subfield code="s">41140</marc:subfield>
    <marc:subfield code="u">https://digitallibrary.un.org/record/18129/files/A_35_776-FR.pdf</marc:subfield>
  </marc:datafield>
  <marc:datafield tag="909" ind1="C" ind2="O">
    <marc:subfield code="o">oai:digitallibrary.un.org:18129</marc:subfield>
    <marc:subfield code="p">sanctions</marc:subfield>
  </marc:datafield>
  <marc:datafield tag="930" ind1=" " ind2=" ">
    <marc:subfield code="a">DIG </marc:subfield>
  </marc:datafield>
  <marc:datafield tag="930" ind1=" " ind2=" ">
    <marc:subfield code="a">UNDFEB81</marc:subfield>
  </marc:datafield>
  <marc:datafield tag="955" ind1=" " ind2=" ">
    <marc:subfield code="a">00257300</marc:subfield>
  </marc:datafield>
  <marc:datafield tag="980" ind1=" " ind2=" ">
    <marc:subfield code="a">BIB</marc:subfield>
  </marc:datafield>
  <marc:datafield tag="981" ind1=" " ind2=" ">
    <marc:subfield code="a">General Assembly</marc:subfield>
    <marc:subfield code="b">General Assembly Plenary</marc:subfield>
  </marc:datafield>
  <marc:datafield tag="981" ind1=" " ind2=" ">
    <marc:subfield code="a">General Assembly</marc:subfield>
    <marc:subfield code="b">5th Committee</marc:subfield>
  </marc:datafield>
  <marc:datafield tag="989" ind1=" " ind2=" ">
    <marc:subfield code="a">Documents and Publications</marc:subfield>
    <marc:subfield code="b">Reports</marc:subfield>
    <marc:subfield code="c">Annual and Sessional Reports</marc:subfield>
  </marc:datafield>
  <marc:datafield tag="991" ind1="1" ind2=" ">
    <marc:subfield code="a">A/35/251</marc:subfield>
    <marc:subfield code="b">28</marc:subfield>
    <marc:subfield code="c">Policies of apartheid of the Government of South Africa.</marc:subfield>
    <marc:subfield code="0">(DHLAUTH)337568</marc:subfield>
  </marc:datafield>
  <marc:datafield tag="991" ind1="1" ind2=" ">
    <marc:subfield code="a">A/35/251</marc:subfield>
    <marc:subfield code="b">91</marc:subfield>
    <marc:subfield code="c">Programme budget for the biennium 1980-1981.</marc:subfield>
    <marc:subfield code="0">(DHLAUTH)337204</marc:subfield>
  </marc:datafield>
  <marc:datafield tag="998" ind1=" " ind2=" ">
    <marc:subfield code="a">19961220000000</marc:subfield>
    <marc:subfield code="c">20141107151200</marc:subfield>
    <marc:subfield code="d">amcat</marc:subfield>
    <marc:subfield code="x">0x00010000ac7b8ac0</marc:subfield>
    <marc:subfield code="z">20200214213955</marc:subfield>
  </marc:datafield>
  <marc:datafield tag="999" ind1=" " ind2=" ">
    <marc:subfield code="a">yku20140828</marc:subfield>
    <marc:subfield code="b">20140828</marc:subfield>
    <marc:subfield code="c">u</marc:subfield>
  </marc:datafield>
</marc:record>
</metadata></record><resumptionToken expirationDate="2026-04-12T12:11:43Z" cursor="0" completeListSize="19159">___3v6htxz1</resumptionToken></ListRecords>
</OAI-PMH>

